2667 4200
1111 291 1146 348 1
1169 295 1208 348 2
1225 297 1273 373 9

763 388 960 469 tilani
992 389 1418 491 depositione
1439 447 1459 482 ,
1496 393 1586 468 de
1621 396 1769 502 ejus
1806 395 2071 507 Conju-

766 512 874 615 gis
889 567 910 602 ,
938 509 1239 586 filiorum'
1263 530 1338 586 et
1358 510 1576 588 fratris
1602 512 1884 589 Geilani
1913 542 2069 592 exe·

768 627 1062 705 eratione
1086 686 1107 720 ,
1140 654 1404 704 necnon
1437 629 1526 705 de
1575 656 1818 707 eorum
1852 633 2068 712 bono-

769 773 930 824 rum
962 746 1454 848 publicatione.

298 891 400 944 111
407 916 655 943 ..........
684 863 808 943 De
840 867 1128 972 Regum
1151 922 1170 956 ,
1198 891 1584 969 eorumque
1620 892 1848 944 rerum
1876 894 2074 969 prae·

770 982 951 1060 clare
1001 1003 1345 1087 gestarum
1393 984 1603 1061 laude
1626 1041 1647 1075 ,
1689 1012 1767 1060 ac
1824 987 1914 1063 de
1949 1014 2070 1064 eo-

771 1101 1087 1178 rumdem
1124 1101 1448 1202 encomiis
1495 1102 1568 1178 in
1601 1103 1935 1180 canonicis
1981 1105 2070 1182 li-

773 1219 909 1296 bris
944 1220 1306 1297 recensitis.

304 1361 401 1417 xv
403 1390 664 1414 ...........
689 1335 814 1416 De
870 1341 1158 1442 Regum
1204 1339 1432 1414 officio
1452 1396 1476 1433 ,
1518 1364 1782 1418 necnon
1813 1337 1903 1416 de
1947 1364 2066 1418 eo·

779 1484 938 1533 rum
972 1457 1424 1561 indulgentia.

302 1600 361 1653 v
379 1629 651 1650 ...........
679 1574 806 1650 De
838 1575 1217 1650 Tutamine
1253 1578 1540 1679 Regum

301 1717 396 1770 v1
416 1747 657 1769 ..........
686 1690 810 1766 De
842 1695 1127 1794 Regum
1168 1693 1473 1800 judiciis,
1507 1711 1581 1769 et
1613 1692 1932 1791 peccatis.
1987 1771 1994 1777 ,

304 1833 428 1887 v11
432 1864 654 1886 .........
682 1811 808 1886 Ne
865 1808 1124 1909 subditi
1186 1810 1257 1883 in
1307 1812 1588 1913 Regem
1643 1808 2072 1912 delinquant,

772 1954 950 2004 neve
981 1928 1071 2002 ab
1105 1955 1194 2003 eo
1225 1927 1562 2004 deficiant.

306 2070 469 2124 v111
486 2096 654 2122 .......
683 2044 809 2123 De
842 2072 980 2121 non
1005 2044 1330 2121 violanda
1364 2045 1499 2122 fide
1519 2045 1840 2149 Regibus
1873 2043 1915 2124 εἰ
1949 2072 2073 2146 po-

490 2177 496 2182 ’
772 2162 944 2263 pulo
978 2162 1320 2263 praestita.
1489 2176 1493 2181 '

305 2304 399 2358 lx
404 2334 660 2356 ...........
687 2275 810 2357 De
842 2285 1098 2385 Regno
1132 2292 1283 2356 non'
1301 2280 1716 2379 usurpando.

308 2424 388 2476 x.
395 2453 654 2476 ...........
682 2397 803 2478 De
835 2401 1055 2503 Regis
1087 2398 1363 2475 famulis
1387 2440 1410 2488 ,·
1445 2397 1748 2501 virisque
1782 2395 1955 2475 fidis.

311 2541 404 2596 x1
411 2571 623 2595 .........
639 2569 659 2590 .
686 2518 808 2596 De
841 2517 1135 2598 Clericis
1151 2574 1176 2612 ,
1207 2537 1280 2595 et
1311 2517 1539 2596 Laicis
1571 2514 1959 2620 transfugis.
