2667 4200
1411 227 1518 307 60

705 350 955 431 rectius
978 408 999 441 ,
1033 373 1246 454 quam
1280 348 1353 425 in
1386 350 1654 427 excusis
1675 406 1695 442 ,
1730 368 1804 427 et
1834 347 1973 426 hic.

594 495 697 571 43
711 527 731 546 .
802 469 1227 545 Toletanum
1270 468 1706 568 ‚Concilium
1780 491 1813 544 1
1827 472 1934 544 ,ω
1958 524 1979 558 ,
2056 467 2348 571 Episco-

706 614 959 689 porum
1007 608 1039 663 1
1060 611 1132 687 9.
1184 586 1508 673 Arcadii,
1557 605 1630 662 et
1675 586 1968 662 Honorii
2022 589 2352 686 tempori-

708 708 892 795 bus,
948 731 1102 781 aera
1161 703 1793 782 CCCCXXXV.
1853 699 1993 810 (in
2045 706 2349 782 Lucensi

634 822 1328 902 CDXXXVIII.
1351 817 1394 925 )
1436 822 1622 899 VII.
1676 821 1849 899 Idus
1902 821 2349 922 Septembris,

712 939 1040 1018 Stilicone
1072 938 1406 1016 Consule.

600 1081 738 1158 44.
775 1055 1114 1134 Toletana
1162 1055 1484 1161 Synodus
1517 1056 1656 1132 II.a
1709 1056 1784 1133 8.
1820 1056 2350 1158 Episcoporum,

708 1175 947 1254 habita
990 1174 1181 1275 apud
1215 1176 1633 1253 Montanum
1666 1175 2088 1274 Episcopum
2122 1176 2353 1252 XVI.

710 1293 1066 1371 Kalendas
1099 1296 1152 1385 J
1153 1293 1344 1370 unias
1365 1349 1385 1383 ,
1432 1320 1608 1369 anno
1639 1294 1747 1368 V.
1783 1291 2153 1369 Amalarici
2201 1296 2359 1374 Re-

715 1412 823 1515 gis
851 1468 871 1502 ‚
925 1438 1082 1487 aera
1137 1411 1470 1488 DLXV.
1493 1468 1514 1502 ‚
1563 1437 1775 1512 quam
1828 1429 2061 1487 tamen
2118 1435 2360 1487 corru-

714 1547 909 1627 ptam
939 1527 1164 1604 credo.

601 1644 1060 1725 Desideratur
1117 1647 1232 1723 hic
1255 1701 1275 1737 ,
1335 1645 1514 1721 sicut
1566 1645 1636 1720 in
1691 1645 1955 1723 excusis
1974 1700 1996 1736 ‚
2046 1645 2359 1746 Epistola

715 1764 1038 1841 Montani
1061 1764 1150 1840 ad
1173 1764 1412 1839 fratres
1432 1763 1746 1839 territorii
1766 1762 2105 1839 Palentini
2122 1819 2142 1853 ‚
2165 1790 2358 1865 quae

715 1885 1015 1957 habetur
1050 1882 1123 1955 in
1155 1881 1423 1958 Codice
1457 1879 1751 1956 Lucensi
1776 1936 1796 1970 ,
1833 1907 1911 1957 ac
1958 1880 2030 1955 in
2064 1881 2354 1956 Toleta-

717 1997 819 2072 nis
853 2024 1017 2075 cum
1053 1997 1362 2108 ejusdem
1395 1997 1703 2098 Epistola
1738 1998 1828 2073 ad
1862 1997 2262 2082 Turibium.

603 2136 738 2223 45.
800 2118 1138 2194 Toletana
1213 2110 1552 2218 Synodns'
1606 2117 1781 2191 1113
1857 2115 2356 2216 Episcoporum

729 2235 774 2310 6
793 2262 862 2310 2.
889 2268 925 2327 ,-
964 2262 1119 2310 aera
1171 2234 1668 2310 DCXXVII.
1738 2233 1827 2308 In
1878 2234 2144 2309 excusis
2201 2236 2360 2311 sub-

718 2352 1109 2452 scriptiones
1134 2350 1675 2450 corruptissimae
1698 2408 1719 2442 ,
1758 2371 1830 2426 et
1875 2349 2200 2428 confusae
2225 2354 2356 2429 ha-

716 2471 988 2546 bentur.
1040 2469 1495 2547 Desideratus
1525 2467 1839 2544 Homilia
1870 2468 2102 2546 Sancti
2136 2468 2358 2544 Lean·

717 2589 855 2678 dri,
884 2613 1066 2692 quae
1094 2589 1388 2664 habetur
1420 2587 1490 2662 in
1520 2585 1816 2662 Lucensi
1835 2643 1852 2676 ‚
1886 2586 1956 2660 in
1975 2585 2357 2676 Toletanis,

716 2731 798 2778 ac
831 2705 1042 2780 etiam
1075 2705 1142 2780 in
1177 2703 1624 2780 Emiliane'nsi
1655 2730 1817 2780 cum
1850 2703 2359 2781 confirmatione

722 2822 1106 2901 Reccaredi
1137 2820 1489 2920 Principis.

606 2942 744 3040 46.
780 2940 1119 3018 Toletana
1174 2941 1493 3044 Synodus
1537 2941 1723 3016 IV.a
1781 2941 1916 3016 60.
1967 2939 2353 3038 Episcopo·

719 3087 875 3135 rum
899 3116 919 3148 ‚
977 3060 1162 3136 edita
1222 3085 1401 3136 anno
1461 3058 1663 3137 tertio
1718 3058 2053 3135 Sisinandi
2115 3055 2359 3158 Regis,

717 3177 947 3256 Nonis
979 3177 1391 3254 Decembris
1427 3203 1618 3252 aerae
1665 3175 2104 3252 DCLXXI.
2132 3231 2152 3265 ,
2199 3174 2369 3248 licet

723 3295 919 3373 aliter
979 3294 1052 3369 in
1112 3294 1378 3377 excusis
1408 3349 1429 3386 ,
1495 3312 1570 3369 et
1641 3293 1713 3369 in
1767 3292 2121 3369 Toletanis
2183 3289 2369 3366 circa

659 3442 664 3447 ·
722 3422 1092 3491 numerum
1132 3412 1661 3513 Episcoporum.
2081 3430 2094 3443 ²
