2667 4200
532 371 671 431 tros
702 350 1020 458 C6digos
1072 351 1163 428 de
1198 255 1550 432 Coscihzs
1572 407 1593 444 ,
1627 377 1772 454 que
1821 375 1894 426 se
1933 345 2210 426 remiti6
2255 345 2302 427 εἰ

536 469 767 547 Roma
822 496 984 572 para
1044 469 1113 546 la
1167 468 1549 547 correccion
1601 470 1691 545 de
1739 467 2086 546 Graciano
2107 523 2128 557 ,
2177 471 2302 544 ha-

537 585 788 664 blando
833 588 926 665 de
969 608 1113 665 esta
1161 589 1488 666 Instituta
1532 588 1686 664 dice
1689 644 1830 663 ......
1866 643 1912 678 ,,
1929 589 2017 662 In
2062 585 2301 686 primis

534 735 591 778 ,φ
608 704 865 782 librum
881 763 901 796 ,
929 707 1044 784 cui
1073 707 1323 784 titulus
1352 709 1716 813 Excerpta
1741 707 2082 783 Canonum
2105 699 2296 810 (hoc

536 853 591 896 υ
614 823 797 900 enim
824 853 1074 902 nomen
1103 825 1414 929 singulae
1449 823 1742 927 paginae
1777 817 2300 926 praeferebant)

537 971 593 1014 υ
614 968 707 1018 ex
756 943 1022 1020 Codice
1078 944 1378 1020 Lucensi
1435 940 2004 1042 transcripsimuS,
2049 967 2301 1044 quam-

538 1089 593 1128 n
614 1085 826 1160 quam
859 1081 932 1136 et
965 1061 1019 1138 is
1052 1060 1123 1136 in
1158 1060 1303 1136 aliis
1330 1060 1616 1137 vetustis
1643 1059 2120 1137 conciliorum
2149 1059 2300 1138 Co-

536 1207 593 1246 „
614 1175 879 1254 dicibus
913 1178 1173 1282 legitur
1197 1235 1218 1268 ‚
1251 1199 1338 1256 ut
1369 1179 1440 1254 in
1462 1178 1837 1282 Vigilano,
1873 1197 1947 1254 et
1979 1179 2304 1257 Oveten·

538 1323 593 1364 υ
614 1294 691 1371 si.
747 1295 837 1370 Id
871 1324 1045 1396 opus
1066 1296 1417 1375 Collectio
1446 1296 1790 1398 quaedam
1823 1315 1929 1372 est
1952 1350 1972 1386 ,
2005 1294 2153 1370 sive
2174 1295 2302 1368 In-

420 1419 423 1424 ’
538 1443 595 1482 22
616 1412 753 1488 dex
783 1414 1152 1491 Canonum
1187 1415 1499 1490 omnium
1514 1473 1534 1506 ,
1560 1413 1686 1517 qui
1717 1413 1789 1488 in
1815 1411 2144 1492 Conciliis
2178 1410 2302 1487 vel

536 1555 593 1598 ε’
614 1530 935 1628 Epistolis
978 1535 1452 1608 'Romanorum
1489 1532 1904 1607 Pontificum
1937 1529 2027 1605 ad
2062 1557 2145 1606 ea
2177 1555 2298 1606 us-

538 1674 594 1717 n
612 1673 757 1750 que
810 1669 1121 1749 tempora
1168 1651 1734 1735 continebantur}
1781 1649 2090 1752 digestus
2112 1705 2133 1742 ,
2169 1673 2306 1724 non

538 1793 595 1834 22
616 1765 904 1868 quidem
958 1768 1205 1876 ordine,
1248 1768 1687 1867 alphabetico
1707 1824 1728 1858 ,
1765 1767 1884 1842 sed
1934 1792 2062 1867 per
2117 1764 2305 1842 locos

528 1909 1015 1960 ”communes
1062 1885 1436 1962 distributis
1484 1911 1715 1962 rerum
1771 1884 2140 1988 generibus
2161 1939 2183 1976 ,
2215 1885 2304 1960 de

536 1999 805 2106 oo‘cujus
858 2017 1129 2078 auctore
1142 2056 1167 2092 ,
1226 2003 1399 2078 nihil
1443 2004 1622 2105 quod
1673 2003 1884 2080 sciam
1904 2059 1925 2092 ‚
1979 2005 2299 2107 hacteuus

538 2146 593 2187 υ
614 2133 899 2197 constat.
936 2122 1154 2198 Certe
1181 2121 1527 2224 antiquior
1553 2141 1658 2199 est
1681 2119 2080 2199 Burchardo
2097 2177 2118 2211 ,
2143 2121 2304 2195 Ivo·
2335 2150 2342 2157 ·

536 2262 700 2312 nne
723 2294 744 2328 ,
778 2258 853 2313 et
882 2237 1217 2314 Gratiano
1241 2297 1261 2330 ,
1296 2239 1424 2341 qui
1469 2241 1575 2347 jus
1611 2239 2043 2317 canonicum
2082 2237 2155 2314 in
2194 2236 2302 2313 lo·-

532 2381 592 2425 κ
614 2381 727 2429 cos
772 2382 1169 2439 communes
1209 2356 1661 2460 digesserunt.
1723 2360 1898 2434 Non
1929 2382 2104 2433 vero
2149 2380 2296 2431 esse

536 2498 591 2538 n
611 2473 747 2547 hoc
777 2473 1022 2549 Isidori
1037 2532 1057 2564 ,
1093 2474 1213 2552 vel
1259 2473 1440 2551 illud
1481 2493 1890 2579 argumento
1921 2494 2026 2551 est
2048 2530 2070 2565 ,
2101 2470 2296 2576 quod

534 2618 592 2657 n
612 2590 729 2665 hic
754 2591 1079 2669 Concilia
1119 2592 1460 2670 Toletana
1505 2594 1595 2669 ad
1641 2592 2134 2670 duodecimum
2177 2616 2293 2665 us·

536 2734 590 2775 υ
613 2732 753 2806 que
787 2710 1037 2805 passim
1070 2710 1407 2793 citentur;
1441 2736 1604 2787 cum
1648 2729 1908 2785 constet
1945 2708 2292 2785 Isidorum

535 2852 593 2892 ο,
610 2842 768 2900 ante
825 2845 1095 2903 sextum
1147 2826 1572 2913 Toletanum,
1624 2827 1884 2903 obiisse.
1954 2828 2060 2903 At
2118 2824 2295 2900 mihi

534 2972 591 3012 ι’
614 2943 900 3044 quidem
918 3004 937 3037 ‚
966 2945 1021 3021 si
1048 2972 1139 3023 ex
1164 2947 1568 3057 conjecturis
1585 2944 1784 3048 -loqui
1815 2944 1915 3021 fas
1940 2963 2043 3020 est
2065 3001 2087 3036 ,
2117 2941 2297 3018 illud

533 3099 589 3139 ω
612 3063 842 3159 potius
894 3066 1174 3149 Juliano
1226 3065 1746 3173 Archiupiscwo
1793 3065 2104 3141 Toletano
2157 3061 2295 3138 tri-

532 3216 587 3256 „
610 3181 935 3262 buendum
976 3183 1263 3262 videtur
1277 3239 1304 3273 ,
1342 3183 1466 3288 qui
1517 3182 1650 3259 illis
1691 3180 2116 3282 temporibus
2159 3177 2293 3255 flo-

531 3330 586 3373 υ
607 3300 750 3377 ruit
769 3361 792 3397 ,
824 3318 901 3377 et
930 3320 1231 3405 quatuor
1264 3298 1592 3379 Conciliis
1611 3298 1962 3377 Toletanis
1995 3294 2294 3400 praefuit

530 3448 587 3491 η
605 3442 859 3525 magna
891 3419 1239 3499 doctrinae
1270 3419 1686 3499 celebritate.
1731 3418 1958 3516 Quod
1987 3414 2295 3494 indicant
