2667 4200
1384 265 1493 342 4⁸

509 352 519 381 ⁸
556 363 831 446 Finales
858 388 1034 463 ,vero
1055 417 1079 457 ,
1113 361 1370 466 quibus
1402 361 1896 439 terminantur:
1939 359 2006 438 Ο
2037 358 2326 440 Christe

568 482 852 558 inituim.

1147 600 1218 678 T
1209 623 1263 675 A
1279 624 1332 675 B
1348 622 1520 676 vm
1578 598 1633 673 I
1627 599 1727 675 ῙῙ.

678 741 907 796 xxxv
945 717 1248 795 continet
1281 745 1521 795 versus
1542 775 1563 808 ,
1603 716 1859 820 quibus
1903 714 1993 790 ab
2021 714 2318 793 Annun-

560 834 855 913 ciatione
892 840 1146 913 Beatae
1197 836 1469 911 Mariae
1502 862 1726 937 usque
1762 833 1849 910 ad
1888 833 2151 910 Christi
2185 836 2321 910 As-

561 955 946 1031 censionem
982 953 1376 1029 summatim
1414 953 1926 1059 perscribuntur
1969 952 2322 1054 mysteria.

565 1072 668 1146 In¹
685 1098 829 1172 qua
861 1071 1146 1174 quidem
1180 1072 1421 1147 tabula
1463 1070 1768 1172 primum
1802 1089 1908 1145 est
1939 1071 2323 1147 notandum

564 1215 1145 1292 unumquemque
1179 1216 1271 1265 ex
1303 1214 1550 1268 xxxv.
1594 1188 1902 1264 versibus
1945 1211 2196 1266 xxxv.
2246 1188 2328 1263 li-

565 1304 724 1382 teris
759 1309 1130 1398 contineri,
1171 1335 1352 1411 quae
1396 1308 1524 1385 sibi
1560 1306 1853 1383 invicem
1886 1305 2323 1405 respondent.

682 1425 800 1500 Ex
831 1429 963 1502 hac
997 1425 1582 1526 correspondentia
1622 1425 1822 1525 plura
1855 1422 1988 1499 alia
2026 1424 2327 1500 notanda

564 1540 901 1617 oriuntur.
967 1544 1079 1619 Ac
1133 1545 1206 1618 in
1254 1544 1489 1642 primis
1535 1542 1981 1620 Acrostichae
2030 1542 2323 1621 initiales

561 1683 848 1736 versum
879 1661 1069 1736 hunc
1101 1660 1384 1739 faciunt.

568 1841 929 1918 Gaudium
961 1868 1269 1945 magnum
1299 1836 1539 1944 adfert
1571 1841 1755 1916 bonis
1789 1866 2011 1918 suave
2055 1840 2321 1944 lzssgnum.

682 2010 959 2089 Finales
993 2031 1230 2090 autem
1263 2014 1453 2090 hunc
1486 2012 1783 2090 alterum
1812 2041 1834 2090 t

569 2194 787 2271 Alma
812 2195 1009 2272 Crux
1024 2253 1045 2288 ‚
1065 2198 1287 2273 secula
1305 2196 1522 2270 omm’a
1540 2198 1749 2271 salva
1766 2220 1852 2272 ac
1869 2194 2053 2270 muni
2069 2208 2324 2272 turma.

687 2366 892 2442 Crux
938 2365 1106 2441 item
1152 2364 1506 2442 literarum
1552 2366 1849 2443 efficitur
1870 2422 1892 2459 ,
1923 2369 2058 2442 hoc
2099 2387 2327 2466 pacto.

568 2481 649 2560 Si
680 2480 962 2583 incipias
988 2483 1029 2558 a
1064 2488 1173 2585 9?
1197 2484 1394 2560 litera
1434 2506 1501 2558 1.
1536 2509 1778 2560 versus
1795 2539 1817 2576 ,
1851 2502 1928 2573 et
1954 2503 2330 2561 transverso

568 2600 936 2679 descendas
984 2629 1110 2702 per
1158 2601 1423 2707 singula
1472 2602 1770 2677 carmina
1815 2598 2132 2678 dextram
2166 2629 2326 2679 ver·

569 2744 682 2793 sus
727 2720 799 2794 8.
843 2719 1034 2794 lineis
1059 2776 1080 2810 ‚
1125 2718 1428 2820 indeque
1476 2737 1659 2796 recta
1706 2719 2027 2795 deorsum
2071 2744 2112 2795 2
2135 2743 2166 2795 1
2185 2776 2203 2795 .
2238 2719 2327 2794 li-

564 2836 711 2912 neis
731 2894 749 2928 ,
775 2861 855 2910 ac
887 2834 1173 2911 demum
1202 2836 1509 2913 reflectas
1546 2837 1875 2914 sinistram
1910 2864 2150 2913 versus
2184 2838 2333 2913 aliis

572 2956 649 3031 8.
683 2951 874 3030 lineis
899 3010 919 3043 ,
957 2979 1180 3055 usque
1221 2954 1312 3031 ad
1367 2957 1584 3057 27.⁸¹¹²
1614 2955 1882 3031 literam
1915 2953 2151 3032 ultimi
2184 2981 2333 3032 car-

567 3071 801 3164 miniS,
837 3071 933 3148 sic
966 3073 1199 3176 leges:

572 3254 768 3331 Crux
816 3254 1219 3331 veneranda
1238 3307 1263 3342 ,
1296 3248 1547 3356 firens
1589 3253 1959 3330 salbator-is
2011 3255 2372 3352 membra..

684 3427 761 3504 A
796 3451 837 3502 2
850 3431 958 3529 7?
990 3426 1160 3505 item
1192 3425 1393 3506 litera
1433 3450 1505 3505 1.
1534 3427 1841 3507 carminis
1869 3424 2106 3534 (qnae
2139 3405 2213 3503 et
2253 3449 2332 3527 9.
2365 3437 2374 3444 '
