2667 4200
442 359 671 437 sium:
718 355 944 452 Quod
1000 357 1090 432 ab
1146 237 1299 458 i6p⁵so
1343 358 1596 463 Vigila
1653 384 2086 502 congestum,

438 479 560 556 vel
599 477 845 554 saltem
889 478 1041 586 ejus
1087 478 1560 579 temporibus,
1597 481 1752 557 satis
1799 511 1892 560 ex
1935 486 2087 588 ipso
2191 581 2201 589 ἱ
2249 541 2272 556 .

436 623 650 696 opere
686 594 1141 672 convincitur.

320 716 556 793 Item
537 714 861 817 mgressio
896 713 1482 788 Sarrazenorum
1461 742 1532 790 m
1575 715 1846 814 Spania.

315 837 501 913 Item
534 834 611 906 hi
643 852 804 907 sunt
836 829 962 933 qui
993 851 1458 933 regnaverunt
1489 832 1562 908 in
1589 834 1922 912 Cordoba
1946 837 2086 917 Re-

438 977 560 1055 ges
595 950 684 1025 de
719 949 983 1052 origine
1018 948 1472 1027 Veniumela.

309 1072 505 1164 Item
539 1067 897 1144 exordium
934 1067 1466 1145 Sarrazenorum
1511 1068 1690 1146 sicut
1733 1070 1841 1148 ini
1874 1076 2082 1217 exsti-

434 1206 733 1280 mantur.

312 1308 505 1384 Item
537 1302 929 1403 explanatio
964 1301 1217 1379 Gentis
1253 1301 1630 1380 Gotorum.

312 1422 671 1522 Incipiunt
703 1421 1040 1520 Capitule
1074 1421 1369 1497 Domini
1404 1422 1651 1499 Isidori
1683 1425 2083 1528 Archiepis-

432 1540 593 1640 copi
626 1540 716 1614 de
749 1539 881 1614 fide
917 1540 1287 1616 Catholica
1308 1595 1331 1630 ,
1381 1567 1474 1617 ex
1513 1542 1737 1618 veteri
1783 1565 1856 1621 et
1901 1574 2086 1626 novo

430 1660 887 1735 Testamento
932 1656 1116 1732 edite
1140 1713 1162 1754 ‚
1194 1659 1522 1736 adversus
1553 1662 1605 1749 J
1608 1660 1845 1738 udeos.

412 1835 417 1840 ·
461 1894 803 1973 Historia
836 1895 921 1970 de
954 1893 1318 1970 Mahmeth
1343 1895 1939 2002 sendo-prophete.

431 2127 792 2206 Hactenus
820 2129 908 2205 de
930 2127 1165 2204 Gestis
1186 2128 1500 2235 Concilii¹
1511 2130 1914 2207 Sanctorum
1941 2138 2078 2209 Pa-

309 2268 536 2323 trum·
568 2248 729 2324 dein
762 2265 1147 2349 sequuntur
1178 2247 1486 2325 Decreta
1519 2246 1902 2332 Praesulum
1926 2252 2078 2328 Ro·

314 2392 725 2457 manorum,
762 2364 1134 2442 videlicet·

312 2547 531 2624 CIII.
560 2548 971 2622 Decretales
1000 2544 1362 2649 Epistolae
1373 2598 1398 2631 ,
1429 2539 1734 2647 aprima
1763 2458 2088 2647 Damasi„

434 2664 540 2741 ad
587 2665 886 2739 ultimam
933 2664 1031 2739 H
1028 2662 1408 2737 ormzsdae
1457 2659 1844 2765 Praefatio:
1879 2668 2077 2744 Sedis

435 2782 869 2884 Apostolicae
874 2834 1035 2855 .......
1094 2868 1109 2881 ³

316 2960 375 3028 ιζ
379 3007 724 3030 ..............
754 2950 1063 3051 Epistola
1088 2951 1378 3027 Damasi
1412 2951 1501 3027 ad
1529 2952 1904 3031 Paulinum
1926 2952 2078 3031 An-

613 3061 618 3066 ’
770 3072 775 3077 ’
812 3070 1193 3145 ziocenum.

315 3214 381 3265 11
386 3243 733 3267 ..............
764 3187 1097 3296 Ejusdem
1131 3187 1222 3261 ad
1255 3186 1604 3263 eumdem.

316 3332 413 3381 111
421 3361 719 3385 ............
746 3304 1059 3405 Epistola
1095 3304 1310 3380 Siricii
1344 3305 1433 3379 ad
1468 3305 1882 3386 Eumerium
1908 3306 2080 3381 Tar-

810 3436 1247 3502 raconensem
1274 3422 1720 3521 Episcopum.

1549 3564 1595 3613 ι
