2667 4200
1379 265 1416 318 1
1495 263 1536 316 2

1032 358 1298 436 dendae
1324 417 1345 453 ,
1379 263 1476 436 e?
1495 387 1582 435 ne
1629 357 1840 459 impia
1886 357 1960 434 in
1995 359 2336 438 ,Catholi-

1038 505 1193 554 cam
1225 474 1434 554 fidem
1469 479 1806 588 jactentur
1840 477 2039 556 dicta.

933 714 1291 793 LIBER
1384 667 1957 795 DECIMus.

568 957 695 1032 De
718 952 1133 1028 Idololatria
1166 950 1435 1058 ejusque
1462 929 1683 1035 σάθης
1711 954 1797 1028 de
1815 950 2029 1056 pacis
2052 966 2121 1028 et
2136 978 2324 1055 gra-

656 1070 801 1147 tiae
836 1069 1158 1174 scriptis-3
1194 1095 1279 1144 ac
1305 1070 1389 1143 de
1423 1070 1615 1144 donis
1646 1071 1750 1146 ad
1775 1071 2236 1152 Reccaredum

918 1187 989 1263 T
976 1187 1135 1262 oleti
1172 1189 1428 1290 Regem
1461 1187 1686 1263 Roma
1729 1187 1975 1263 missis.

1107 1393 1432 1446 TITULUS
1489 1393 1782 1446 PRIMUS.

568 1592 924 1616 ...............
955 1538 1078 1618 De
1114 1540 1514 1617 Evertendo
1546 1539 1890 1616 idolorum
1927 1541 2147 1618 cultu.

561 1684 641 1734 11*
641 1712 907 1735 ...........
933 1661 1055 1736 De
1115 1645 1192 1734 iis
1248 1659 1386 1764 qui*
1429 1657 1626 1734 idolis
1671 1679 1830 1734 ante
1884 1661 2323 1759 Baptismum

1038 1777 1597 1853 immolaverunt.

556 1919 668 1968 111
672 1947 909 1970 ..........
940 1894 1063 1968 De
1093 1896 1479 1993 Apostatis,
1513 1893 1605 1968 ad
1637 1891 1846 1968 fidem
1875 1893 2325 1973 catholicam

692 2022 697 2026 ’
832 2029 848 2041 “
1028 2013 1263 2111 postea
1298 2011 1602 2088 reversis,

554 2157 645 2208 1v
664 2182 904 2207 ..........
932 2130 1055 2207 De
1112 2130 1404 2207 Clericis
1471 2151 1544 2205 et
1599 2130 1821 2205 Laicis
1890 2130 2319 2221 Christiani5‚

1024 2247 1149 2348 qui
1185 2248 1223 2323 4
1276 2247 1414 2324 fide
1469 2246 1904 2341 defecerunt,
1952 2266 2025 2323 et
2078 2248 2323 2324 infide·

1020 2364 1194 2439 lium
1229 2364 1552 2465 operibus
1579 2368 1720 2441 sese
1749 2365 2266 2441 immiscuerint.

552 2506 613 2560 v
616 2536 907 2559 ............
934 2482 1057 2559 De
1092 2485 1626 2559 Haereticorum
1661 2484 2046 2560 nominibus
2079 2483 2172 2559 ad
2213 2483 2317 2558 al-

730 2608 737 2613 ’
1028 2621 1171 2675 tare
1206 2630 1344 2675 non
1377 2602 1757 2691 recitandis.

552 2740 911 2801 vl..,........
936 2716 1063 2793 De
1112 2718 1514 2795 Gothorum
1551 2720 1769 2823 gentis
1803 2719 1893 2793 ad
1925 2718 2137 2796 fidem
2169 2716 2318 2797 Ca-

1024 2836 1358 2934 tholicam
1397 2823 1864 2923 conversione,
1902 2864 1983 2913 ac
2010 2837 2099 2913 de
2136 2838 2324 2917 illius

974 2958 981 2965 ’
1028 2981 1191 3030 cum
1218 2956 1548 3031 Romanis
1577 2956 2146 3032 reconciliatione.

554 3094 679 3150 vn
684 3123 905 3146 .........
934 3070 1059 3147 De
1112 3074 1514 3149 muneribus
1570 3094 1644 3148 et
1701 3074 1893 3149 donis
1947 3078 2178 3150 Roma
2233 3072 2324 3148 ad
2393 3156 2414 3167 ,

760 3176 764 3180 ¹
1020 3190 1499 3267 Reccaredum
1523 3192 1762 3268 Toleti
1783 3196 2060 3295 Regem
2087 3191 2321 3267 missis.

669 3308 759 3383 Se
806 3310 899 3382 ha
950 3308 1263 3416 cotejado
1313 3329 1456 3385 este
1504 3310 1743 3385 Indice
1791 3338 1918 3385 con
1963 3310 2034 3385 el
2062 3308 2168 3410 *de
2213 3308 2319 3383 los

550 3420 857 3500 Codices
892 3424 1183 3503 G6ticos
1205 3485 1226 3519 ,
1264 3455 1317 3530 y
1365 3454 1516 3505 con.
1545 3428 1648 3503 los
1703 3428 2032 3529 impresos
2079 3453 2208 3527 por
2253 3425 2324 3503 el
