2667 4200
1562 113 1573 176 l

710 334 747 346 ..
1172 267 1211 334 1
1230 245 1339 346 67

371 396 429 438 n
447 380 558 440 tae
572 391 603 450 ’ς
645 365 805 441 hinc
855 362 1345 448 discordiarum
1366 422 1385 457 ,
1433 360 1845 443 seditionum
1869 422 1890 457 ,
1922 388 2004 441 ac
2044 364 2133 442 li-

370 511 424 553 u
447 483 623 559 tium
675 510 870 592 seges
920 483 1251 559 immensa
1276 540 1296 574 ,
1338 509 1519 586 quae
1563 503 1671 558 tot
1716 483 1998 559 saeculis
2044 485 2136 561 ad
2183 549 2190 562 .

365 633 419 673 υ
439 601 789 682 Ecclesiae
832 601 1134 678 dedecus
1186 599 1643 702 fideliumque
1691 599 2136 679 offensionem

368 751 425 788 n
446 718 907 795 fructificavit.
959 722 1224 821 Neque
1279 718 1352 793 id
1400 716 1658 809 solum,
1701 719 1821 802 sed
1873 719 2137 800 alienae

365 868 420 908 n
443 836 652 912 etiam
678 837 1172 913 communionis
1203 837 1598 913 hominibus
1627 857 1862 935 aperta
1897 837 2136 940 ingens

366 981 421 1027 ό»
442 955 531 1032 ad
578 945 992 1031 calumniam
1038 954 1352 1031 fenestra.
1408 956 1604 1033 Cum
1657 954 1841 1031 enim
1885 957 2135 1054 putida

367 1106 420 1144 υ
440 1093 548 1148 tot
594 1073 840 1173 scripta
895 1073 1231 1149 mendacii
1290 1072 1686 1149 insimulare
1728 1093 2133 1173 promptum

368 1224 423 1263 n
445 1211 652 1282 essct,
691 1217 772 1268 ac
824 1218 896 1267 re
932 1191 1216 1295 quidem
1256 1207 1421 1267 vera
1476 1191 1944 1267 insimularent
2001 1191 2135 1289 ipsi

367 1341 421 1381 u
443 1309 1055 1411 convincerentque
1079 1366 1099 1400 ,
1153 1309 1448 1412 gradum
1495 1308 1654 1385 inde
1699 1308 1787 1384 ad
1835 1310 2133 1412 genuina

367 1457 420 1512 q,
445 1426 515 1500 in
569 1425 864 1502 dubium
913 1427 1222 1520 vocanda
1273 1427 1955 1502 fecerunnErrorem
1979 1482 2001 1518 ,
2047 1447 2134 1502 ut
2247 1443 2250 1446 ’

367 1577 421 1616 22
444 1570 567 1644 par
592 1564 740 1619 erat
762 1600 780 1634 ,
809 1544 1123 1620 refellere
1150 1571 1398 1643 parum
1427 1544 1749 1635 contenti,
1783 1544 1851 1619 in
1891 1544 2133 1621 verita·

372 1690 429 1730 υ
452 1680 596 1736 tem
626 1661 843 1761 ipsam
864 1660 1278 1738 inv‘olarunt.
1300 1664 1727 1762 Exprobrata
1749 1661 2134 1740 Catholicis

367 1813 420 1851 υ
441 1779 648 1854 nimia
684 1780 1082 1870 credulitas,
1122 1780 1285 1855 fuco
1319 1780 1473 1855 falsi
1505 1781 1818 1879 adspersa
1863 1780 2130 1879 sapien·

368 1930 422 1968 n
444 1898 698 1972 tissima
726 1898 1025 1990 decreta,
1056 1899 1413 1974 sanctiores
1440 1899 1612 1974 ritus
1637 1897 1925 1998 explosi,
1952 1900 2137 2006 reje-

369 2048 422 2086 η
442 2034 551 2090 cta
593 2015 732 2091 sine
768 2015 1032 2115 pudore
1066 2044 1146 2091 ac
1179 2018 1390 2092 modo
1428 2016 1895 2093 fundatissima
1924 2044 2136 2121 quae·

367 2168 421 2205 υ
445 2161 583 2235 que
618 2137 1066 2210 Summorum
1113 2136 1529 2211 Pontificum
1564 2138 1713 2243 jura
1738 2190 1757 2225 ,
1791 2155 1919 2211 aut
1952 2156 2138 2211 certe

368 2285 423 2324 υ
444 2250 535 2326 ad
597 2271 876 2328 tenuem
911 2252 1627 2356 exilemqueumbram
1654 2254 1947 2329 redacta.
1976 2253 2138 2328 Uti-

372 2403 426 2440 „
452 2396 606 2443 nam
669 2397 818 2462 nec⁸
854 2390 1077 2449 essent
1124 2371 1313 2473 apud
1374 2371 1776 2449 Catholicos
1801 2428 1821 2462 ,
1867 2371 1993 2474 qui
2046 2372 2139 2445 ob
2228 2450 2255 2471 ,υ

370 2519 426 2559 22
448 2487 985 2587 adulterinarum
1068 2488 1534 2589 Epistolarum
1620 2489 2139 2582 admixtionem,

370 2637 426 2675 υ
449 2603 539 2679 de
578 2605 893 2707 genuinis
934 2633 1069 2681 non
1117 2608 1271 2681 satis
1304 2633 1530 2710 aeque
1566 2607 1906 2711 sentirent.
1954 2607 2139 2705 Spu·

376 2752 429 2792 υ
452 2722 584 2797 rios
650 2723 932 2825 quidem
969 2728 1093 2799 hos
1146 2723 1328 2801 fetus
1384 2725 1453 2800 in
1509 2725 1656 2823 ipso
1708 2724 1938 2799 statim
1982 2745 2143 2799 ortu

376 2872 431 2911 υ
454 2840 769 2943 extingui
795 2842 884 2915 ad
918 2842 1262 2919 Ecclesiae
1287 2842 1662 2918 utilitatem
1690 2842 2145 2941 pertinebat.”

497 2959 696 3034 Hace
742 2985 890 3044 mas
936 2959 1024 3034 de
1065 2988 1165 3036 un
1207 2961 1385 3065 siglo
1424 2988 1564 3064 que
1605 2987 1677 3035 se
1721 2987 1973 3035 conoce
2026 2987 2154 3064 no».

376 3074 785 3165 toriamente
831 3078 901 3152 la
943 3077 1252 3155 falsedad
1291 3078 1381 3156 de
1420 3078 1700 3183 aquella
1745 3070 2144 3156 Coleccionss

379 3193 620 3269 Nadie
660 3193 897 3298 ignora
934 3222 1075 3298 que
1111 3198 1179 3271 la
1213 3197 1300 3273 de
1339 3186 1682 3297 Graciano
1722 3223 1793 3272 es
1832 3195 2019 3275 fruto
2058 3195 2148 3287 de

379 3310 539 3399 ella,
592 3310 712 3411 Sin
752 3314 1084 3417 embargo
1120 3342 1191 3390 se
1235 3315 1703 3416 experimenta
1750 3341 1879 3390 con
1924 3313 2147 3390 admi-

384 3428 613 3507 ration
633 3484 654 3521 ,
692 3458 830 3532 que
853 3432 987 3508 ella
1014 3431 1136 3511 fue'
1164 3452 1282 3511 tan
1305 3431 1472 3511 feliz
1494 3433 1873 3533 impostura
1907 3460 1994 3510 en
2027 3432 2151 3533 dar
