<?xml version="1.0" encoding="UTF-8"?>
<!DOCTYPE html PUBLIC "-//W3C//DTD XHTML 1.0 Transitional//EN"
    "http://www.w3.org/TR/xhtml1/DTD/xhtml1-transitional.dtd">
<html xmlns="http://www.w3.org/1999/xhtml" xml:lang="en" lang="en">
 <head>
  <title>
</title>
<meta http-equiv="Content-Type" content="text/html;charset=utf-8" />
  <meta name='ocr-system' content='tesseract 3.04.00' />
  <meta name='ocr-capabilities' content='ocr_page ocr_carea ocr_par ocr_line ocrx_word'/>
</head>
<body>
  <div class='ocr_page' id='page_1' title='image "./noticiadelasant00peregoog/noticiadelasant00peregoog_0104.png"; bbox 0 0 2667 4200; ppageno 0'>
   <div class='ocr_carea' id='block_1_1' title="bbox 364 353 2134 1056">
    <p class='ocr_par' dir='ltr' id='par_1_1' title="bbox 364 353 2134 1056">
     <span class='ocr_line' id='line_1_1' title="bbox 367 353 2133 463; baseline 0.001 -25"><span class='ocrx_word' id='word_1_1' title='bbox 367 385 460 438; x_wconf 87' lang='lat' dir='ltr'>ne</span> <span class='ocrx_word' id='word_1_2' title='bbox 483 414 503 449; x_wconf 92' lang='lat'>‚</span> <span class='ocrx_word' id='word_1_3' title='bbox 538 383 702 435; x_wconf 87' lang='lat' dir='ltr'>eum</span> <span class='ocrx_word' id='word_1_4' title='bbox 746 355 960 433; x_wconf 87' lang='lat' dir='ltr'>literis</span> <span class='ocrx_word' id='word_1_5' title='bbox 980 409 1002 446; x_wconf 90' lang='lat'><strong>,</strong></span> <span class='ocrx_word' id='word_1_6' title='bbox 1037 353 1132 432; x_wconf 88' lang='lat' dir='ltr'>ita</span> <span class='ocrx_word' id='word_1_7' title='bbox 1165 354 1475 457; x_wconf 78' lang='lat' dir='ltr'>dispositi</span> <span class='ocrx_word' id='word_1_8' title='bbox 1497 412 1520 449; x_wconf 87' lang='lat'><strong><em>‚</em></strong></span> <span class='ocrx_word' id='word_1_9' title='bbox 1553 373 1640 435; x_wconf 92' lang='lat' dir='ltr'>ut</span> <span class='ocrx_word' id='word_1_10' title='bbox 1668 358 1847 436; x_wconf 84' lang='lat' dir='ltr'>inter</span> <span class='ocrx_word' id='word_1_11' title='bbox 1878 386 2133 463; x_wconf 85' lang='lat' dir='ltr'>quam-</span> 
     </span>
     <span class='ocr_line' id='line_1_2' title="bbox 364 472 2133 583; baseline 0.002 -29"><span class='ocrx_word' id='word_1_12' title='bbox 364 479 542 555; x_wconf 88' lang='lat' dir='ltr'>libet</span> <span class='ocrx_word' id='word_1_13' title='bbox 580 477 853 553; x_wconf 84' lang='lat' dir='ltr'>literam</span> <span class='ocrx_word' id='word_1_14' title='bbox 901 474 993 550; x_wconf 87' lang='lat' dir='ltr'>sit</span> <span class='ocrx_word' id='word_1_15' title='bbox 1020 472 1194 551; x_wconf 88' lang='lat' dir='ltr'>alter</span> <span class='ocrx_word' id='word_1_16' title='bbox 1226 475 1746 583; x_wconf 77' lang='lat' dir='ltr'>quadrangulus</span> <span class='ocrx_word' id='word_1_17' title='bbox 1779 479 2133 557; x_wconf 85' lang='lat' dir='ltr'>vermicu·</span> 
     </span>
     <span class='ocr_line' id='line_1_3' title="bbox 368 595 2134 700; baseline 0.001 -27"><span class='ocrx_word' id='word_1_18' title='bbox 368 596 550 673; x_wconf 88' lang='lat' dir='ltr'>latus</span> <span class='ocrx_word' id='word_1_19' title='bbox 574 652 594 687; x_wconf 91' lang='lat'>,</span> <span class='ocrx_word' id='word_1_20' title='bbox 641 597 1062 670; x_wconf 81' lang='lat' dir='ltr'>characteres</span> <span class='ocrx_word' id='word_1_21' title='bbox 1115 612 1356 669; x_wconf 87' lang='lat' dir='ltr'>autem</span> <span class='ocrx_word' id='word_1_22' title='bbox 1407 595 1540 696; x_wconf 84' lang='lat' dir='ltr'>ipsi</span> <span class='ocrx_word' id='word_1_23' title='bbox 1590 596 1793 673; x_wconf 87' lang='lat' dir='ltr'>tertio</span> <span class='ocrx_word' id='word_1_24' title='bbox 1846 622 2134 700; x_wconf 82' lang='lat' dir='ltr'>quoque</span> 
     </span>
     <span class='ocr_line' id='line_1_4' title="bbox 366 708 2134 815; baseline 0.001 -26"><span class='ocrx_word' id='word_1_25' title='bbox 366 715 502 793; x_wconf 87' lang='lat' dir='ltr'>sint</span> <span class='ocrx_word' id='word_1_26' title='bbox 556 708 1071 815; x_wconf 75' lang='lat' dir='ltr'>quadrangulo.</span> <span class='ocrx_word' id='word_1_27' title='bbox 1145 711 1350 804; x_wconf 88' lang='lat' dir='ltr'>Quas</span> <span class='ocrx_word' id='word_1_28' title='bbox 1372 767 1392 802; x_wconf 92' lang='lat'><strong>,</strong></span> <span class='ocrx_word' id='word_1_29' title='bbox 1442 711 1499 788; x_wconf 91' lang='lat' dir='ltr'>si</span> <span class='ocrx_word' id='word_1_30' title='bbox 1558 711 1601 787; x_wconf 75' lang='lat' dir='ltr'>a</span> <span class='ocrx_word' id='word_1_31' title='bbox 1657 713 1875 812; x_wconf 88' lang='lat' dir='ltr'>prima</span> <span class='ocrx_word' id='word_1_32' title='bbox 1935 714 2134 792; x_wconf 84' lang='lat' dir='ltr'>litera</span> 
     </span>
     <span class='ocr_line' id='line_1_5' title="bbox 370 828 2133 939; baseline 0.001 -32"><span class='ocrx_word' id='word_1_33' title='bbox 370 858 598 934; x_wconf 86' lang='lat' dir='ltr'>usque</span> <span class='ocrx_word' id='word_1_34' title='bbox 633 829 722 904; x_wconf 89' lang='lat' dir='ltr'>ad</span> <span class='ocrx_word' id='word_1_35' title='bbox 767 847 1184 929; x_wconf 86' lang='lat' dir='ltr'>postremam</span> <span class='ocrx_word' id='word_1_36' title='bbox 1229 828 1411 904; x_wconf 88' lang='lat' dir='ltr'>linea</span> <span class='ocrx_word' id='word_1_37' title='bbox 1456 849 1642 906; x_wconf 89' lang='lat' dir='ltr'>recta</span> <span class='ocrx_word' id='word_1_38' title='bbox 1673 832 1764 906; x_wconf 93' lang='lat' dir='ltr'>ad</span> <span class='ocrx_word' id='word_1_39' title='bbox 1797 832 2133 939; x_wconf 59' lang='lat' dir='ltr'>demam,</span> 
     </span>
     <span class='ocr_line' id='line_1_6' title="bbox 370 945 2134 1056; baseline -0.001 -30"><span class='ocrx_word' id='word_1_40' title='bbox 370 968 449 1026; x_wconf 86' lang='lat' dir='ltr'>et</span> <span class='ocrx_word' id='word_1_41' title='bbox 501 947 752 1023; x_wconf 87' lang='lat' dir='ltr'>deinde</span> <span class='ocrx_word' id='word_1_42' title='bbox 806 966 991 1022; x_wconf 88' lang='lat' dir='ltr'>recta</span> <span class='ocrx_word' id='word_1_43' title='bbox 1045 945 1365 1023; x_wconf 87' lang='lat' dir='ltr'>deorsum</span> <span class='ocrx_word' id='word_1_44' title='bbox 1420 947 1828 1027; x_wconf 87' lang='lat' dir='ltr'>descendens</span> <span class='ocrx_word' id='word_1_45' title='bbox 1850 1005 1872 1042; x_wconf 91' lang='lat'><strong>,</strong></span> <span class='ocrx_word' id='word_1_46' title='bbox 1918 948 2134 1056; x_wconf 83' lang='lat' dir='ltr'>legas,</span> 
     </span>
    </p>
   </div>
   <div class='ocr_carea' id='block_1_2' title="bbox 374 1063 1779 1325">
    <p class='ocr_par' dir='ltr' id='par_1_2' title="bbox 374 1063 1779 1325">
     <span class='ocr_line' id='line_1_7' title="bbox 374 1063 1779 1166; baseline 0 -23"><span class='ocrx_word' id='word_1_47' title='bbox 374 1065 478 1143; x_wconf 89' lang='lat' dir='ltr'>nil</span> <span class='ocrx_word' id='word_1_48' title='bbox 511 1065 700 1143; x_wconf 87' lang='lat' dir='ltr'>aliud</span> <span class='ocrx_word' id='word_1_49' title='bbox 731 1063 1027 1165; x_wconf 84' lang='lat' dir='ltr'>reperies</span> <span class='ocrx_word' id='word_1_50' title='bbox 1043 1120 1064 1155; x_wconf 89' lang='lat'>‚</span> <span class='ocrx_word' id='word_1_51' title='bbox 1092 1091 1303 1166; x_wconf 90' lang='lat' dir='ltr'>quam</span> <span class='ocrx_word' id='word_1_52' title='bbox 1339 1067 1553 1142; x_wconf 88' lang='lat' dir='ltr'>verba</span> <span class='ocrx_word' id='word_1_53' title='bbox 1586 1070 1779 1143; x_wconf 86' lang='lat' dir='ltr'>haec.</span> 
     </span>
     <span class='ocr_line' id='line_1_8' title="bbox 747 1246 1754 1325; baseline 0.002 -3"><span class='ocrx_word' id='word_1_54' title='bbox 747 1246 1092 1324; x_wconf 71' lang='lat' dir='ltr'>Mauo-elli</span> <span class='ocrx_word' id='word_1_55' title='bbox 1132 1246 1441 1325; x_wconf 74' lang='lat' dir='ltr'>Abbatis</span> <span class='ocrx_word' id='word_1_56' title='bbox 1492 1247 1754 1324; x_wconf 80' lang='lat' dir='ltr'>librum.</span> 
     </span>
    </p>
   </div>
   <div class='ocr_carea' id='block_1_3' title="bbox 376 1419 2198 3534">
    <p class='ocr_par' dir='ltr' id='par_1_3' title="bbox 376 1419 2141 2320">
     <span class='ocr_line' id='line_1_9' title="bbox 494 1419 2134 1521; baseline 0.002 -25"><span class='ocrx_word' id='word_1_57' title='bbox 494 1419 741 1521; x_wconf 80' lang='lat' dir='ltr'>Atque</span> <span class='ocrx_word' id='word_1_58' title='bbox 793 1419 981 1494; x_wconf 91' lang='lat' dir='ltr'>idem</span> <span class='ocrx_word' id='word_1_59' title='bbox 1033 1445 1304 1520; x_wconf 88' lang='lat' dir='ltr'>prorsus</span> <span class='ocrx_word' id='word_1_60' title='bbox 1324 1478 1346 1513; x_wconf 94' lang='lat'>,</span> <span class='ocrx_word' id='word_1_61' title='bbox 1395 1420 1493 1513; x_wconf 87' lang='lat' dir='ltr'>si,</span> <span class='ocrx_word' id='word_1_62' title='bbox 1540 1421 1633 1496; x_wconf 93' lang='lat' dir='ltr'>ab</span> <span class='ocrx_word' id='word_1_63' title='bbox 1677 1420 1925 1498; x_wconf 86' lang='lat' dir='ltr'>eadem</span> <span class='ocrx_word' id='word_1_64' title='bbox 1975 1422 2134 1501; x_wconf 82' lang='lat' dir='ltr'>lite·-</span> 
     </span>
     <span class='ocr_line' id='line_1_10' title="bbox 376 1537 2136 1635; baseline 0.003 -22"><span class='ocrx_word' id='word_1_65' title='bbox 376 1562 452 1614; x_wconf 89' lang='lat' dir='ltr'>ra</span> <span class='ocrx_word' id='word_1_66' title='bbox 498 1561 530 1614; x_wconf 89' lang='lat'>1</span> <span class='ocrx_word' id='word_1_67' title='bbox 548 1545 600 1612; x_wconf 75' lang='lat'>.⁸</span> <span class='ocrx_word' id='word_1_68' title='bbox 630 1537 956 1635; x_wconf 83' lang='lat' dir='ltr'>incipiens</span> <span class='ocrx_word' id='word_1_69' title='bbox 971 1594 991 1629; x_wconf 91' lang='lat'>,</span> <span class='ocrx_word' id='word_1_70' title='bbox 1024 1558 1206 1614; x_wconf 87' lang='lat' dir='ltr'>recta</span> <span class='ocrx_word' id='word_1_71' title='bbox 1253 1539 1574 1616; x_wconf 88' lang='lat' dir='ltr'>deorsum</span> <span class='ocrx_word' id='word_1_72' title='bbox 1620 1538 1982 1616; x_wconf 83' lang='lat' dir='ltr'>descendas</span> <span class='ocrx_word' id='word_1_73' title='bbox 2015 1567 2136 1619; x_wconf 85' lang='lat' dir='ltr'>us·</span> 
     </span>
     <span class='ocr_line' id='line_1_11' title="bbox 379 1654 2136 1758; baseline 0.003 -28"><span class='ocrx_word' id='word_1_74' title='bbox 379 1682 522 1757; x_wconf 90' lang='lat' dir='ltr'>que</span> <span class='ocrx_word' id='word_1_75' title='bbox 573 1654 663 1729; x_wconf 86' lang='lat' dir='ltr'>ad</span> <span class='ocrx_word' id='word_1_76' title='bbox 711 1654 1028 1731; x_wconf 83' lang='lat' dir='ltr'>ultimam</span> <span class='ocrx_word' id='word_1_77' title='bbox 1053 1709 1073 1744; x_wconf 91' lang='lat'>,</span> <span class='ocrx_word' id='word_1_78' title='bbox 1120 1676 1197 1730; x_wconf 88' lang='lat' dir='ltr'>et</span> <span class='ocrx_word' id='word_1_79' title='bbox 1238 1655 1397 1732; x_wconf 89' lang='lat' dir='ltr'>inde</span> <span class='ocrx_word' id='word_1_80' title='bbox 1440 1676 1625 1733; x_wconf 89' lang='lat' dir='ltr'>recta</span> <span class='ocrx_word' id='word_1_81' title='bbox 1673 1657 1997 1758; x_wconf 86' lang='lat' dir='ltr'>procedas</span> <span class='ocrx_word' id='word_1_82' title='bbox 2045 1658 2136 1735; x_wconf 92' lang='lat' dir='ltr'>ad</span> 
     </span>
     <span class='ocr_line' id='line_1_12' title="bbox 381 1772 2139 1877; baseline 0.003 -30"><span class='ocrx_word' id='word_1_83' title='bbox 381 1774 736 1849; x_wconf 84' lang='lat' dir='ltr'>dexteram</span> <span class='ocrx_word' id='word_1_84' title='bbox 759 1829 780 1864; x_wconf 94' lang='lat'>,</span> <span class='ocrx_word' id='word_1_85' title='bbox 819 1799 1044 1873; x_wconf 90' lang='lat' dir='ltr'>usque</span> <span class='ocrx_word' id='word_1_86' title='bbox 1085 1772 1178 1846; x_wconf 87' lang='lat' dir='ltr'>ad</span> <span class='ocrx_word' id='word_1_87' title='bbox 1224 1772 1563 1877; x_wconf 86' lang='lat' dir='ltr'>angulum</span> <span class='ocrx_word' id='word_1_88' title='bbox 1585 1828 1606 1863; x_wconf 89' lang='lat'><strong>,</strong></span> <span class='ocrx_word' id='word_1_89' title='bbox 1639 1802 1785 1875; x_wconf 92' lang='lat' dir='ltr'>quo</span> <span class='ocrx_word' id='word_1_90' title='bbox 1831 1776 2139 1873; x_wconf 85' lang='lat' dir='ltr'>superior</span> 
     </span>
     <span class='ocr_line' id='line_1_13' title="bbox 382 1888 2136 1993; baseline 0.002 -29"><span class='ocrx_word' id='word_1_91' title='bbox 382 1889 662 1993; x_wconf 85' lang='lat' dir='ltr'>legendi</span> <span class='ocrx_word' id='word_1_92' title='bbox 729 1890 974 1966; x_wconf 90' lang='lat' dir='ltr'>modus</span> <span class='ocrx_word' id='word_1_93' title='bbox 1033 1888 1256 1966; x_wconf 89' lang='lat' dir='ltr'>desiit.</span> <span class='ocrx_word' id='word_1_94' title='bbox 1340 1889 1685 1993; x_wconf 86' lang='lat' dir='ltr'>Idemque</span> <span class='ocrx_word' id='word_1_95' title='bbox 1747 1892 1994 1967; x_wconf 87' lang='lat' dir='ltr'>efficies</span> <span class='ocrx_word' id='word_1_96' title='bbox 2058 1891 2136 1983; x_wconf 91' lang='lat' dir='ltr'>si,</span> 
     </span>
     <span class='ocr_line' id='line_1_14' title="bbox 381 2006 2138 2109; baseline 0.001 -26"><span class='ocrx_word' id='word_1_97' title='bbox 381 2009 668 2109; x_wconf 89' lang='lat' dir='ltr'>dempta</span> <span class='ocrx_word' id='word_1_98' title='bbox 727 2033 917 2099; x_wconf 88' lang='lat' dir='ltr'>una,</span> <span class='ocrx_word' id='word_1_99' title='bbox 971 2007 1284 2100; x_wconf 86' lang='lat' dir='ltr'>duabus,</span> <span class='ocrx_word' id='word_1_100' title='bbox 1344 2009 1465 2085; x_wconf 88' lang='lat' dir='ltr'>vel</span> <span class='ocrx_word' id='word_1_101' title='bbox 1525 2006 1839 2108; x_wconf 89' lang='lat' dir='ltr'>pluribus</span> <span class='ocrx_word' id='word_1_102' title='bbox 1899 2007 2138 2103; x_wconf 85' lang='lat' dir='ltr'>literis,</span> 
     </span>
     <span class='ocr_line' id='line_1_15' title="bbox 379 2124 2141 2225; baseline 0.001 -22"><span class='ocrx_word' id='word_1_103' title='bbox 379 2126 630 2203; x_wconf 82' lang='lat' dir='ltr'>eodem</span> <span class='ocrx_word' id='word_1_104' title='bbox 678 2125 913 2202; x_wconf 89' lang='lat' dir='ltr'>ordine</span> <span class='ocrx_word' id='word_1_105' title='bbox 964 2126 1383 2223; x_wconf 88' lang='lat' dir='ltr'>processeris.</span> <span class='ocrx_word' id='word_1_106' title='bbox 1440 2124 1654 2218; x_wconf 84' lang='lat' dir='ltr'>Quae</span> <span class='ocrx_word' id='word_1_107' title='bbox 1700 2153 1878 2225; x_wconf 82' lang='lat' dir='ltr'>pene</span> <span class='ocrx_word' id='word_1_108' title='bbox 1910 2129 2141 2205; x_wconf 82' lang='lat' dir='ltr'>omnia</span> 
     </span>
     <span class='ocr_line' id='line_1_16' title="bbox 385 2242 1613 2320; baseline 0 -2"><span class='ocrx_word' id='word_1_109' title='bbox 385 2243 457 2318; x_wconf 92' lang='lat' dir='ltr'>in</span> <span class='ocrx_word' id='word_1_110' title='bbox 492 2244 790 2318; x_wconf 86' lang='lat' dir='ltr'>Lucensi</span> <span class='ocrx_word' id='word_1_111' title='bbox 825 2243 1092 2320; x_wconf 89' lang='lat' dir='ltr'>Codice</span> <span class='ocrx_word' id='word_1_112' title='bbox 1120 2242 1613 2320; x_wconf 88' lang='lat' dir='ltr'>desiderantur.</span> 
     </span>
    </p>

    <p class='ocr_par' dir='ltr' id='par_1_4' title="bbox 385 2360 2163 2820">
     <span class='ocr_line' id='line_1_17' title="bbox 501 2360 2139 2460; baseline 0.002 -23"><span class='ocrx_word' id='word_1_113' title='bbox 501 2361 782 2437; x_wconf 88' lang='lat' dir='ltr'>Deinde</span> <span class='ocrx_word' id='word_1_114' title='bbox 835 2360 1205 2460; x_wconf 87' lang='lat' dir='ltr'>supradicti</span> <span class='ocrx_word' id='word_1_115' title='bbox 1255 2360 1414 2436; x_wconf 85' lang='lat' dir='ltr'>libri</span> <span class='ocrx_word' id='word_1_116' title='bbox 1465 2362 1837 2439; x_wconf 89' lang='lat' dir='ltr'>Canonum</span> <span class='ocrx_word' id='word_1_117' title='bbox 1894 2362 2139 2441; x_wconf 88' lang='lat' dir='ltr'>titulo-</span> 
     </span>
     <span class='ocr_line' id='line_1_18' title="bbox 385 2477 2163 2577; baseline 0.002 -24"><span class='ocrx_word' id='word_1_118' title='bbox 385 2504 543 2553; x_wconf 86' lang='lat' dir='ltr'>rum</span> <span class='ocrx_word' id='word_1_119' title='bbox 577 2477 919 2554; x_wconf 88' lang='lat' dir='ltr'>Elenchus</span> <span class='ocrx_word' id='word_1_120' title='bbox 936 2536 957 2571; x_wconf 94' lang='lat'>,</span> <span class='ocrx_word' id='word_1_121' title='bbox 991 2497 1200 2577; x_wconf 92' lang='lat' dir='ltr'>prout</span> <span class='ocrx_word' id='word_1_122' title='bbox 1230 2477 1301 2552; x_wconf 87' lang='lat' dir='ltr'>in</span> <span class='ocrx_word' id='word_1_123' title='bbox 1329 2479 1632 2554; x_wconf 87' lang='lat' dir='ltr'>Lucensi</span> <span class='ocrx_word' id='word_1_124' title='bbox 1657 2479 1945 2556; x_wconf 85' lang='lat' dir='ltr'>Codice.</span> <span class='ocrx_word' id='word_1_125' title='bbox 1992 2483 2163 2559; x_wconf 55' lang='lat' dir='ltr'>Hic*</span> 
     </span>
     <span class='ocr_line' id='line_1_19' title="bbox 387 2595 2143 2697; baseline 0.002 -26"><span class='ocrx_word' id='word_1_126' title='bbox 387 2615 623 2671; x_wconf 89' lang='lat' dir='ltr'>autem</span> <span class='ocrx_word' id='word_1_127' title='bbox 647 2653 665 2685; x_wconf 92' lang='lat'><strong>,</strong></span> <span class='ocrx_word' id='word_1_128' title='bbox 698 2615 967 2694; x_wconf 88' lang='lat' dir='ltr'>praeter</span> <span class='ocrx_word' id='word_1_129' title='bbox 999 2597 1286 2672; x_wconf 89' lang='lat' dir='ltr'>titulum</span> <span class='ocrx_word' id='word_1_130' title='bbox 1318 2595 1747 2694; x_wconf 90' lang='lat' dir='ltr'>praedictum</span> <span class='ocrx_word' id='word_1_131' title='bbox 1773 2654 1794 2689; x_wconf 92' lang='lat'><strong>,</strong></span> <span class='ocrx_word' id='word_1_132' title='bbox 1827 2597 2143 2697; x_wconf 84' lang='lat' dir='ltr'>appella·</span> 
     </span>
     <span class='ocr_line' id='line_1_20' title="bbox 389 2714 1366 2820; baseline 0.003 -33"><span class='ocrx_word' id='word_1_133' title='bbox 389 2732 503 2789; x_wconf 89' lang='lat' dir='ltr'>tur</span> <span class='ocrx_word' id='word_1_134' title='bbox 527 2770 548 2803; x_wconf 90' lang='lat'>‚</span> <span class='ocrx_word' id='word_1_135' title='bbox 595 2714 961 2820; x_wconf 69' lang='lat' dir='ltr'>Excerpta</span> <span class='ocrx_word' id='word_1_136' title='bbox 1006 2715 1366 2790; x_wconf 84' lang='lat' dir='ltr'>Canonum.</span> 
     </span>
    </p>

    <p class='ocr_par' dir='ltr' id='par_1_5' title="bbox 378 2828 2198 3534">
     <span class='ocr_line' id='line_1_21' title="bbox 499 2828 2137 2933; baseline 0.002 -27"><span class='ocrx_word' id='word_1_137' title='bbox 499 2831 824 2933; x_wconf 88' lang='lat' dir='ltr'>Sequitur</span> <span class='ocrx_word' id='word_1_138' title='bbox 870 2828 1198 2907; x_wconf 87' lang='lat' dir='ltr'>volumen</span> <span class='ocrx_word' id='word_1_139' title='bbox 1245 2832 1471 2933; x_wconf 88' lang='lat' dir='ltr'>ipsum</span> <span class='ocrx_word' id='word_1_140' title='bbox 1520 2834 1624 2908; x_wconf 89' lang='lat' dir='ltr'>X.</span> <span class='ocrx_word' id='word_1_141' title='bbox 1668 2833 1857 2909; x_wconf 90' lang='lat' dir='ltr'>libris</span> <span class='ocrx_word' id='word_1_142' title='bbox 1900 2833 2137 2909; x_wconf 86' lang='lat' dir='ltr'>distin-</span> 
     </span>
     <span class='ocr_line' id='line_1_22' title="bbox 378 2950 2198 3051; baseline 0.002 -28"><span class='ocrx_word' id='word_1_143' title='bbox 378 2965 597 3026; x_wconf 89' lang='lat' dir='ltr'>ctum.</span> <span class='ocrx_word' id='word_1_144' title='bbox 637 2950 974 3043; x_wconf 88' lang='lat' dir='ltr'>Quorum</span> <span class='ocrx_word' id='word_1_145' title='bbox 999 2950 1307 3051; x_wconf 88' lang='lat' dir='ltr'>quinque</span> <span class='ocrx_word' id='word_1_146' title='bbox 1341 2950 1678 3048; x_wconf 86' lang='lat' dir='ltr'>prioribus</span> <span class='ocrx_word' id='word_1_147' title='bbox 1712 2976 2140 3048; x_wconf 85' lang='lat' dir='ltr'>praeponun·</span> <span class='ocrx_word' id='word_1_148' title='bbox 2193 2963 2198 2966; x_wconf 82' lang='grc'><strong>’</strong></span> 
     </span>
     <span class='ocr_line' id='line_1_23' title="bbox 385 3065 2140 3170; baseline 0.002 -31"><span class='ocrx_word' id='word_1_149' title='bbox 385 3085 501 3141; x_wconf 89' lang='lat' dir='ltr'>tur</span> <span class='ocrx_word' id='word_1_150' title='bbox 544 3066 815 3142; x_wconf 89' lang='lat' dir='ltr'>heroica</span> <span class='ocrx_word' id='word_1_151' title='bbox 849 3066 1143 3144; x_wconf 87' lang='lat' dir='ltr'>carmina</span> <span class='ocrx_word' id='word_1_152' title='bbox 1190 3067 1262 3143; x_wconf 89' lang='lat' dir='ltr'>in</span> <span class='ocrx_word' id='word_1_153' title='bbox 1308 3067 1598 3143; x_wconf 89' lang='lat' dir='ltr'>modum</span> <span class='ocrx_word' id='word_1_154' title='bbox 1631 3065 1929 3170; x_wconf 87' lang='lat' dir='ltr'>dialogi,</span> <span class='ocrx_word' id='word_1_155' title='bbox 1965 3066 2140 3169; x_wconf 92' lang='lat' dir='ltr'>quid</span> 
     </span>
     <span class='ocr_line' id='line_1_24' title="bbox 390 3182 2146 3286; baseline 0.001 -28"><span class='ocrx_word' id='word_1_156' title='bbox 390 3182 566 3258; x_wconf 88' lang='lat' dir='ltr'>liber</span> <span class='ocrx_word' id='word_1_157' title='bbox 621 3186 962 3260; x_wconf 89' lang='lat' dir='ltr'>contineat</span> <span class='ocrx_word' id='word_1_158' title='bbox 1011 3185 1441 3285; x_wconf 86' lang='lat' dir='ltr'>explicantia.</span> <span class='ocrx_word' id='word_1_159' title='bbox 1510 3185 1717 3259; x_wconf 88' lang='lat' dir='ltr'>Liber</span> <span class='ocrx_word' id='word_1_160' title='bbox 1762 3184 1872 3261; x_wconf 85' lang='lat' dir='ltr'>hic</span> <span class='ocrx_word' id='word_1_161' title='bbox 1887 3242 1909 3279; x_wconf 91' lang='lat'><strong>,</strong></span> <span class='ocrx_word' id='word_1_162' title='bbox 1953 3183 2146 3286; x_wconf 90' lang='lat' dir='ltr'>quod</span> 
     </span>
     <span class='ocr_line' id='line_1_25' title="bbox 391 3299 2143 3406; baseline 0.002 -30"><span class='ocrx_word' id='word_1_163' title='bbox 391 3299 602 3378; x_wconf 85' lang='lat' dir='ltr'>sciam</span> <span class='ocrx_word' id='word_1_164' title='bbox 620 3358 640 3393; x_wconf 93' lang='lat'><strong>,</strong></span> <span class='ocrx_word' id='word_1_165' title='bbox 669 3329 960 3384; x_wconf 83' lang='lat' dir='ltr'>excusus</span> <span class='ocrx_word' id='word_1_166' title='bbox 985 3329 1121 3377; x_wconf 84' lang='lat' dir='ltr'>non</span> <span class='ocrx_word' id='word_1_167' title='bbox 1148 3321 1360 3380; x_wconf 83' lang='lat' dir='ltr'>extat.</span> <span class='ocrx_word' id='word_1_168' title='bbox 1408 3303 1709 3406; x_wconf 83' lang='lat' dir='ltr'>Reliqua</span> <span class='ocrx_word' id='word_1_169' title='bbox 1731 3360 1750 3393; x_wconf 91' lang='lat'>,</span> <span class='ocrx_word' id='word_1_170' title='bbox 1771 3302 1946 3378; x_wconf 87' lang='lat' dir='ltr'>circa</span> <span class='ocrx_word' id='word_1_171' title='bbox 1979 3327 2143 3380; x_wconf 86' lang='lat' dir='ltr'>eum</span> 
     </span>
     <span class='ocr_line' id='line_1_26' title="bbox 394 3411 1818 3534; baseline 0.001 -39"><span class='ocrx_word' id='word_1_172' title='bbox 394 3411 683 3498; x_wconf 82' lang='lat' dir='ltr'>dicenda</span> <span class='ocrx_word' id='word_1_173' title='bbox 703 3477 725 3514; x_wconf 91' lang='lat'><strong>,</strong></span> <span class='ocrx_word' id='word_1_174' title='bbox 758 3420 900 3502; x_wconf 84' lang='lat' dir='ltr'>dixi</span> <span class='ocrx_word' id='word_1_175' title='bbox 932 3422 1072 3534; x_wconf 84' lang='lat' dir='ltr'>jam</span> <span class='ocrx_word' id='word_1_176' title='bbox 1105 3421 1177 3506; x_wconf 81' lang='lat' dir='ltr'>in</span> <span class='ocrx_word' id='word_1_177' title='bbox 1207 3421 1540 3499; x_wconf 88' lang='lat' dir='ltr'>Lucensis</span> <span class='ocrx_word' id='word_1_178' title='bbox 1573 3420 1818 3498; x_wconf 86' lang='lat' dir='ltr'>indice.</span> 
     </span>
    </p>
   </div>
  </div>
 </body>
</html>
