<?xml version="1.0" encoding="UTF-8"?>
<!DOCTYPE html PUBLIC "-//W3C//DTD XHTML 1.0 Transitional//EN"
    "http://www.w3.org/TR/xhtml1/DTD/xhtml1-transitional.dtd">
<html xmlns="http://www.w3.org/1999/xhtml" xml:lang="en" lang="en">
 <head>
  <title>
</title>
<meta http-equiv="Content-Type" content="text/html;charset=utf-8" />
  <meta name='ocr-system' content='tesseract 3.04.00' />
  <meta name='ocr-capabilities' content='ocr_page ocr_carea ocr_par ocr_line ocrx_word'/>
</head>
<body>
  <div class='ocr_page' id='page_1' title='image "./noticiadelasant00peregoog/noticiadelasant00peregoog_0115.png"; bbox 0 0 2667 4200; ppageno 0'>
   <div class='ocr_carea' id='block_1_1' title="bbox 544 226 2336 2926">
    <p class='ocr_par' dir='ltr' id='par_1_1' title="bbox 678 226 2336 542">
     <span class='ocr_line' id='line_1_1' title="bbox 1234 226 1443 301; baseline 0.024 -5"><span class='ocrx_word' id='word_1_1' title='bbox 1234 253 1249 296; x_wconf 51' lang='grc' dir='ltr'>μ</span> <span class='ocrx_word' id='word_1_2' title='bbox 1392 226 1443 301; x_wconf 89' lang='grc'><strong><em>6</em></strong></span> 
     </span>
     <span class='ocr_line' id='line_1_2' title="bbox 678 247 2336 449; baseline 0.001 -23"><span class='ocrx_word' id='word_1_3' title='bbox 678 343 1073 428; x_wconf 72' lang='lat' dir='ltr'>Wambani</span> <span class='ocrx_word' id='word_1_4' title='bbox 1131 303 1404 449; x_wconf 60' lang='grc' dir='ltr'>ιιὲςῑς,</span> <span class='ocrx_word' id='word_1_5' title='bbox 1449 247 1630 421; x_wconf 54' lang='lat' dir='ltr'>{era</span> <span class='ocrx_word' id='word_1_6' title='bbox 1696 343 2146 424; x_wconf 83' lang='lat' dir='ltr'>Dccxm.</span> <span class='ocrx_word' id='word_1_7' title='bbox 2205 347 2336 427; x_wconf 83' lang='lat' dir='ltr'>cui</span> 
     </span>
     <span class='ocr_line' id='line_1_3' title="bbox 678 462 2114 542; baseline -0.003 0"><span class='ocrx_word' id='word_1_8' title='bbox 678 466 906 542; x_wconf 91' lang='lat' dir='ltr'><strong>VIII.</strong></span> <span class='ocrx_word' id='word_1_9' title='bbox 941 462 1304 540; x_wconf 83' lang='lat' dir='ltr'>Pontifices</span> <span class='ocrx_word' id='word_1_10' title='bbox 1337 462 1816 540; x_wconf 86' lang='lat' dir='ltr'>interfuerunt.</span> <span class='ocrx_word' id='word_1_11' title='bbox 2107 501 2114 512; x_wconf 77' lang='lat'>=</span> 
     </span>
    </p>

    <p class='ocr_par' dir='ltr' id='par_1_2' title="bbox 566 580 2325 1159">
     <span class='ocr_line' id='line_1_4' title="bbox 566 580 2325 686; baseline 0.001 -24"><span class='ocrx_word' id='word_1_12' title='bbox 566 586 614 662; x_wconf 86' lang='lat'><strong>6</strong></span> <span class='ocrx_word' id='word_1_13' title='bbox 629 607 667 684; x_wconf 84' lang='lat'>3</span> <span class='ocrx_word' id='word_1_14' title='bbox 683 641 699 659; x_wconf 92' lang='lat'><strong>.</strong></span> <span class='ocrx_word' id='word_1_15' title='bbox 736 583 1048 683; x_wconf 84' lang='lat' dir='ltr'>Epistola</span> <span class='ocrx_word' id='word_1_16' title='bbox 1097 582 1595 682; x_wconf 86' lang='lat' dir='ltr'>Episcoporum</span> <span class='ocrx_word' id='word_1_17' title='bbox 1649 580 1739 658; x_wconf 89' lang='lat' dir='ltr'>de</span> <span class='ocrx_word' id='word_1_18' title='bbox 1785 581 2107 661; x_wconf 82' lang='lat' dir='ltr'>Concilio</span> <span class='ocrx_word' id='word_1_19' title='bbox 2154 585 2325 686; x_wconf 88' lang='lat' dir='ltr'>Spa-</span> 
     </span>
     <span class='ocr_line' id='line_1_5' title="bbox 674 700 2320 802; baseline 0.001 -23"><span class='ocrx_word' id='word_1_20' title='bbox 674 701 890 796; x_wconf 88' lang='lat' dir='ltr'>lensi,</span> <span class='ocrx_word' id='word_1_21' title='bbox 920 700 1141 802; x_wconf 83' lang='lat' dir='ltr'>pridie</span> <span class='ocrx_word' id='word_1_22' title='bbox 1195 704 1441 778; x_wconf 83' lang='lat' dir='ltr'>Nonas</span> <span class='ocrx_word' id='word_1_23' title='bbox 1483 700 1910 777; x_wconf 85' lang='lat' dir='ltr'>Novembris</span> <span class='ocrx_word' id='word_1_24' title='bbox 1937 756 1958 792; x_wconf 91' lang='lat'>,</span> <span class='ocrx_word' id='word_1_25' title='bbox 1994 729 2173 779; x_wconf 87' lang='lat' dir='ltr'>anno</span> <span class='ocrx_word' id='word_1_26' title='bbox 2205 707 2320 781; x_wconf 90' lang='lat' dir='ltr'>V.</span> 
     </span>
     <span class='ocr_line' id='line_1_6' title="bbox 673 818 2321 923; baseline 0.001 -25"><span class='ocrx_word' id='word_1_27' title='bbox 673 819 1057 898; x_wconf 78' lang='lat' dir='ltr'>Reccaredi</span> <span class='ocrx_word' id='word_1_28' title='bbox 1089 819 1308 923; x_wconf 85' lang='lat' dir='ltr'>Regis</span> <span class='ocrx_word' id='word_1_29' title='bbox 1329 875 1353 910; x_wconf 89' lang='lat'><strong>,</strong></span> <span class='ocrx_word' id='word_1_30' title='bbox 1388 842 1545 896; x_wconf 83' lang='lat' dir='ltr'>aera</span> <span class='ocrx_word' id='word_1_31' title='bbox 1590 818 2132 896; x_wconf 89' lang='lat' dir='ltr'><strong>DCXXVIII.</strong></span> <span class='ocrx_word' id='word_1_32' title='bbox 2167 851 2187 896; x_wconf 69' lang='grc' dir='ltr'><strong>ε</strong></span> <span class='ocrx_word' id='word_1_33' title='bbox 2242 822 2321 899; x_wconf 88' lang='lat' dir='ltr'>in</span> 
     </span>
     <span class='ocr_line' id='line_1_7' title="bbox 673 936 2321 1015; baseline 0.001 0"><span class='ocrx_word' id='word_1_34' title='bbox 673 937 973 1015; x_wconf 89' lang='lat' dir='ltr'>Lucensi</span> <span class='ocrx_word' id='word_1_35' title='bbox 1005 956 1110 1013; x_wconf 86' lang='lat' dir='ltr'>est</span> <span class='ocrx_word' id='word_1_36' title='bbox 1141 962 1301 1012; x_wconf 88' lang='lat' dir='ltr'>aera</span> <span class='ocrx_word' id='word_1_37' title='bbox 1333 936 1836 1015; x_wconf 88' lang='lat' dir='ltr'><strong>DCXXVII.</strong></span> <span class='ocrx_word' id='word_1_38' title='bbox 1867 964 1887 1011; x_wconf 76' lang='lat' dir='ltr'><em>z</em></span> <span class='ocrx_word' id='word_1_39' title='bbox 1926 937 1999 1012; x_wconf 89' lang='lat' dir='ltr'>in</span> <span class='ocrx_word' id='word_1_40' title='bbox 2031 939 2321 1015; x_wconf 87' lang='lat' dir='ltr'>Toleta-</span> 
     </span>
     <span class='ocr_line' id='line_1_8' title="bbox 668 1052 2316 1159; baseline 0.001 -28"><span class='ocrx_word' id='word_1_41' title='bbox 668 1056 772 1131; x_wconf 87' lang='lat' dir='ltr'>nis</span> <span class='ocrx_word' id='word_1_42' title='bbox 806 1054 1186 1133; x_wconf 87' lang='lat' dir='ltr'>Codicibus</span> <span class='ocrx_word' id='word_1_43' title='bbox 1232 1054 1511 1131; x_wconf 87' lang='lat' dir='ltr'>additur</span> <span class='ocrx_word' id='word_1_44' title='bbox 1564 1052 1657 1130; x_wconf 87' lang='lat' dir='ltr'>ad</span> <span class='ocrx_word' id='word_1_45' title='bbox 1701 1055 2069 1157; x_wconf 82' lang='lat' dir='ltr'>Pegasium</span> <span class='ocrx_word' id='word_1_46' title='bbox 2109 1057 2316 1159; x_wconf 84' lang='lat' dir='ltr'>Epis-</span> 
     </span>
    </p>

    <p class='ocr_par' dir='ltr' id='par_1_3' title="bbox 564 1170 1962 1280">
     <span class='ocr_line' id='line_1_9' title="bbox 564 1170 1962 1274; baseline -0.002 -24"><span class='ocrx_word' id='word_1_47' title='bbox 564 1181 579 1216; x_wconf 72' lang='lat'><strong>.</strong></span> <span class='ocrx_word' id='word_1_48' title='bbox 672 1199 928 1274; x_wconf 87' lang='lat' dir='ltr'>copum</span> <span class='ocrx_word' id='word_1_49' title='bbox 961 1173 1161 1252; x_wconf 85' lang='lat' dir='ltr'>missa</span> <span class='ocrx_word' id='word_1_50' title='bbox 1184 1230 1205 1266; x_wconf 88' lang='lat'>‚</span> <span class='ocrx_word' id='word_1_51' title='bbox 1238 1193 1313 1249; x_wconf 89' lang='lat' dir='ltr'>et</span> <span class='ocrx_word' id='word_1_52' title='bbox 1345 1172 1418 1248; x_wconf 89' lang='lat' dir='ltr'>in</span> <span class='ocrx_word' id='word_1_53' title='bbox 1449 1170 1962 1250; x_wconf 80' lang='lat' dir='ltr'>Aemilianensi.</span> 
     </span>
    </p>

    <p class='ocr_par' dir='ltr' id='par_1_4' title="bbox 560 1283 2315 1631">
     <span class='ocr_line' id='line_1_10' title="bbox 560 1283 2315 1393; baseline -0.001 -22"><span class='ocrx_word' id='word_1_54' title='bbox 560 1293 693 1392; x_wconf 88' lang='lat'>64.</span> <span class='ocrx_word' id='word_1_55' title='bbox 732 1293 1058 1393; x_wconf 84' lang='lat' dir='ltr'>Spalense</span> <span class='ocrx_word' id='word_1_56' title='bbox 1101 1283 1503 1369; x_wconf 75' lang='lat' dir='ltr'>Concilium</span> <span class='ocrx_word' id='word_1_57' title='bbox 1546 1291 1648 1367; x_wconf 93' lang='lat' dir='ltr'>II.</span> <span class='ocrx_word' id='word_1_58' title='bbox 1699 1292 1830 1366; x_wconf 87' lang='lat' dir='ltr'>sub</span> <span class='ocrx_word' id='word_1_59' title='bbox 1886 1291 2001 1367; x_wconf 90' lang='lat' dir='ltr'>die</span> <span class='ocrx_word' id='word_1_60' title='bbox 2048 1291 2315 1369; x_wconf 86' lang='lat' dir='ltr'>Iduum</span> 
     </span>
     <span class='ocr_line' id='line_1_11' title="bbox 669 1409 2310 1510; baseline -0.001 -22"><span class='ocrx_word' id='word_1_61' title='bbox 669 1411 1192 1489; x_wconf 84' lang='lat' dir='ltr'>Novembrium</span> <span class='ocrx_word' id='word_1_62' title='bbox 1226 1436 1383 1487; x_wconf 88' lang='lat' dir='ltr'>aera</span> <span class='ocrx_word' id='word_1_63' title='bbox 1415 1409 1825 1486; x_wconf 90' lang='lat' dir='ltr'><strong>DCLVII.</strong></span> <span class='ocrx_word' id='word_1_64' title='bbox 1860 1428 2171 1510; x_wconf 86' lang='lat' dir='ltr'>tempore</span> <span class='ocrx_word' id='word_1_65' title='bbox 2198 1411 2310 1489; x_wconf 85' lang='lat' dir='ltr'>Si-</span> 
     </span>
     <span class='ocr_line' id='line_1_12' title="bbox 669 1525 1803 1631; baseline -0.002 -28"><span class='ocrx_word' id='word_1_66' title='bbox 669 1528 896 1603; x_wconf 89' lang='lat' dir='ltr'>sebuti</span> <span class='ocrx_word' id='word_1_67' title='bbox 934 1529 1194 1631; x_wconf 77' lang='lat' dir='ltr'>Regis:</span> <span class='ocrx_word' id='word_1_68' title='bbox 1229 1526 1396 1602; x_wconf 83' lang='lat' dir='ltr'>alias</span> <span class='ocrx_word' id='word_1_69' title='bbox 1431 1525 1803 1605; x_wconf 83' lang='lat' dir='ltr'>Sisenandi.</span> 
     </span>
    </p>

    <p class='ocr_par' dir='ltr' id='par_1_5' title="bbox 555 1644 2307 1959">
     <span class='ocr_line' id='line_1_13' title="bbox 555 1644 2307 1754; baseline -0.002 -29"><span class='ocrx_word' id='word_1_70' title='bbox 555 1645 689 1754; x_wconf 68' lang='grc'>65.</span> <span class='ocrx_word' id='word_1_71' title='bbox 718 1646 1038 1750; x_wconf 87' lang='lat' dir='ltr'>Synodus</span> <span class='ocrx_word' id='word_1_72' title='bbox 1066 1646 1744 1748; x_wconf 60' lang='lat' dir='ltr'>Caesaraugustam,</span> <span class='ocrx_word' id='word_1_73' title='bbox 1771 1670 1947 1719; x_wconf 89' lang='lat' dir='ltr'>anno</span> <span class='ocrx_word' id='word_1_74' title='bbox 1973 1644 2122 1721; x_wconf 92' lang='lat' dir='ltr'>IV.</span> <span class='ocrx_word' id='word_1_75' title='bbox 2142 1645 2307 1751; x_wconf 88' lang='lat' dir='ltr'>Egi·</span> 
     </span>
     <span class='ocr_line' id='line_1_14' title="bbox 667 1759 2305 1869; baseline 0.002 -30"><span class='ocrx_word' id='word_1_76' title='bbox 667 1763 819 1839; x_wconf 85' lang='lat' dir='ltr'>cani</span> <span class='ocrx_word' id='word_1_77' title='bbox 854 1764 1076 1869; x_wconf 87' lang='lat' dir='ltr'>Regis</span> <span class='ocrx_word' id='word_1_78' title='bbox 1122 1759 1275 1840; x_wconf 81' lang='lat' dir='ltr'>aera</span> <span class='ocrx_word' id='word_1_79' title='bbox 1319 1762 1844 1843; x_wconf 87' lang='lat' dir='ltr'><strong>DCCXXIX.</strong></span> <span class='ocrx_word' id='word_1_80' title='bbox 1884 1762 2141 1864; x_wconf 88' lang='lat' dir='ltr'>Incipit</span> <span class='ocrx_word' id='word_1_81' title='bbox 2174 1767 2305 1842; x_wconf 86' lang='lat' dir='ltr'>Sa-</span> 
     </span>
     <span class='ocr_line' id='line_1_15' title="bbox 668 1884 1294 1959; baseline -0.002 -3"><span class='ocrx_word' id='word_1_82' title='bbox 668 1884 967 1958; x_wconf 80' lang='lat' dir='ltr'>cerdotes</span> <span class='ocrx_word' id='word_1_83' title='bbox 995 1884 1294 1959; x_wconf 79' lang='lat' dir='ltr'>Domini.</span> 
     </span>
    </p>

    <p class='ocr_par' dir='ltr' id='par_1_6' title="bbox 552 1996 2311 2573">
     <span class='ocr_line' id='line_1_16' title="bbox 552 1996 2311 2078; baseline 0.002 -4"><span class='ocrx_word' id='word_1_84' title='bbox 552 1999 600 2074; x_wconf 89' lang='lat'><strong>6</strong></span> <span class='ocrx_word' id='word_1_85' title='bbox 615 1998 685 2075; x_wconf 91' lang='lat'>6.</span> <span class='ocrx_word' id='word_1_86' title='bbox 724 1997 1124 2074; x_wconf 88' lang='lat' dir='ltr'>Concilium</span> <span class='ocrx_word' id='word_1_87' title='bbox 1159 1996 1587 2076; x_wconf 86' lang='lat' dir='ltr'>Emeritense</span> <span class='ocrx_word' id='word_1_88' title='bbox 1620 1999 1692 2075; x_wconf 89' lang='lat' dir='ltr'>in</span> <span class='ocrx_word' id='word_1_89' title='bbox 1719 1998 2075 2078; x_wconf 86' lang='lat' dir='ltr'>Provintia</span> <span class='ocrx_word' id='word_1_90' title='bbox 2106 2000 2311 2077; x_wconf 82' lang='lat' dir='ltr'>Lusi-</span> 
     </span>
     <span class='ocr_line' id='line_1_17' title="bbox 663 2117 2308 2210; baseline 0.002 -18"><span class='ocrx_word' id='word_1_91' title='bbox 663 2117 883 2195; x_wconf 87' lang='lat' dir='ltr'>taniae</span> <span class='ocrx_word' id='word_1_92' title='bbox 902 2174 924 2210; x_wconf 88' lang='lat'>,</span> <span class='ocrx_word' id='word_1_93' title='bbox 957 2118 1071 2194; x_wconf 89' lang='lat' dir='ltr'>die</span> <span class='ocrx_word' id='word_1_94' title='bbox 1106 2118 1334 2196; x_wconf 92' lang='lat' dir='ltr'><strong>VIII.</strong></span> <span class='ocrx_word' id='word_1_95' title='bbox 1384 2118 1650 2195; x_wconf 90' lang='lat' dir='ltr'>Iduum</span> <span class='ocrx_word' id='word_1_96' title='bbox 1702 2118 2228 2196; x_wconf 85' lang='lat' dir='ltr'>Novembrium</span> <span class='ocrx_word' id='word_1_97' title='bbox 2262 2120 2308 2196; x_wconf 73' lang='grc' dir='ltr'>ὰ</span> 
     </span>
     <span class='ocr_line' id='line_1_18' title="bbox 659 2236 2308 2336; baseline 0.001 -24"><span class='ocrx_word' id='word_1_98' title='bbox 659 2236 844 2312; x_wconf 86' lang='lat' dir='ltr'><strong>XII.</strong></span> <span class='ocrx_word' id='word_1_99' title='bbox 880 2237 1233 2336; x_wconf 85' lang='lat' dir='ltr'>Episcopis</span> <span class='ocrx_word' id='word_1_100' title='bbox 1257 2290 1278 2326; x_wconf 91' lang='lat'>,</span> <span class='ocrx_word' id='word_1_101' title='bbox 1314 2262 1493 2312; x_wconf 88' lang='lat' dir='ltr'>anno</span> <span class='ocrx_word' id='word_1_102' title='bbox 1525 2237 1831 2313; x_wconf 87' lang='lat' dir='ltr'><strong>XVIII.</strong></span> <span class='ocrx_word' id='word_1_103' title='bbox 1883 2236 2308 2314; x_wconf 84' lang='lat' dir='ltr'>Serenissimi</span> 
     </span>
     <span class='ocr_line' id='line_1_19' title="bbox 656 2352 2306 2457; baseline 0.001 -27"><span class='ocrx_word' id='word_1_104' title='bbox 656 2352 1059 2431; x_wconf 87' lang='lat' dir='ltr'>Recesvinti</span> <span class='ocrx_word' id='word_1_105' title='bbox 1090 2353 1308 2457; x_wconf 88' lang='lat' dir='ltr'>Regis</span> <span class='ocrx_word' id='word_1_106' title='bbox 1323 2410 1345 2444; x_wconf 90' lang='lat'><strong><em>,</em></strong></span> <span class='ocrx_word' id='word_1_107' title='bbox 1366 2379 1522 2428; x_wconf 88' lang='lat' dir='ltr'>aera</span> <span class='ocrx_word' id='word_1_108' title='bbox 1542 2353 1915 2432; x_wconf 86' lang='lat' dir='ltr'><strong>DCCIV.</strong></span> <span class='ocrx_word' id='word_1_109' title='bbox 1935 2355 2306 2431; x_wconf 87' lang='lat' dir='ltr'>Desidera-</span> 
     </span>
     <span class='ocr_line' id='line_1_20' title="bbox 660 2469 2298 2573; baseline 0.004 -29"><span class='ocrx_word' id='word_1_110' title='bbox 660 2489 774 2544; x_wconf 87' lang='lat' dir='ltr'>tur</span> <span class='ocrx_word' id='word_1_111' title='bbox 799 2471 869 2545; x_wconf 89' lang='lat' dir='ltr'>in</span> <span class='ocrx_word' id='word_1_112' title='bbox 895 2474 1030 2547; x_wconf 90' lang='lat' dir='ltr'>hoc</span> <span class='ocrx_word' id='word_1_113' title='bbox 1051 2469 1393 2573; x_wconf 90' lang='lat' dir='ltr'>Vigilano</span> <span class='ocrx_word' id='word_1_114' title='bbox 1407 2528 1428 2562; x_wconf 90' lang='lat'><strong>,</strong></span> <span class='ocrx_word' id='word_1_115' title='bbox 1452 2490 1527 2546; x_wconf 89' lang='lat' dir='ltr'>et</span> <span class='ocrx_word' id='word_1_116' title='bbox 1549 2471 1622 2544; x_wconf 90' lang='lat' dir='ltr'>in</span> <span class='ocrx_word' id='word_1_117' title='bbox 1646 2471 2040 2570; x_wconf 84' lang='lat' dir='ltr'>Hispalensi</span> <span class='ocrx_word' id='word_1_118' title='bbox 2063 2473 2298 2550; x_wconf 89' lang='lat' dir='ltr'>Codd.</span> 
     </span>
    </p>

    <p class='ocr_par' dir='ltr' id='par_1_7' title="bbox 544 2588 2296 2926">
     <span class='ocr_line' id='line_1_21' title="bbox 544 2588 2296 2690; baseline 0.001 -26"><span class='ocrx_word' id='word_1_119' title='bbox 544 2588 938 2689; x_wconf 80' lang='lat' dir='ltr'>Sententiae</span> <span class='ocrx_word' id='word_1_120' title='bbox 970 2615 1257 2665; x_wconf 88' lang='lat' dir='ltr'>numero</span> <span class='ocrx_word' id='word_1_121' title='bbox 1289 2588 1593 2666; x_wconf 89' lang='lat' dir='ltr'><strong>XXIII.</strong></span> <span class='ocrx_word' id='word_1_122' title='bbox 1629 2616 1809 2690; x_wconf 85' lang='lat' dir='ltr'>quae</span> <span class='ocrx_word' id='word_1_123' title='bbox 1843 2589 1913 2664; x_wconf 92' lang='lat' dir='ltr'>in</span> <span class='ocrx_word' id='word_1_124' title='bbox 1948 2591 2296 2666; x_wconf 82' lang='lat' dir='ltr'>veteribus</span> 
     </span>
     <span class='ocr_line' id='line_1_22' title="bbox 656 2706 2292 2803; baseline 0.002 -25"><span class='ocrx_word' id='word_1_125' title='bbox 656 2707 1165 2803; x_wconf 84' lang='lat' dir='ltr'>exemplaribus</span> <span class='ocrx_word' id='word_1_126' title='bbox 1200 2706 1679 2783; x_wconf 87' lang='lat' dir='ltr'>Conciliorurn</span> <span class='ocrx_word' id='word_1_127' title='bbox 1725 2732 1861 2781; x_wconf 90' lang='lat' dir='ltr'>non</span> <span class='ocrx_word' id='word_1_128' title='bbox 1911 2708 2292 2784; x_wconf 85' lang='lat' dir='ltr'>habentur:</span> 
     </span>
     <span class='ocr_line' id='line_1_23' title="bbox 657 2821 2099 2926; baseline 0.003 -28"><span class='ocrx_word' id='word_1_129' title='bbox 657 2821 780 2898; x_wconf 83' lang='lat' dir='ltr'>sed</span> <span class='ocrx_word' id='word_1_130' title='bbox 812 2821 855 2898; x_wconf 71' lang='lat' dir='ltr'>a</span> <span class='ocrx_word' id='word_1_131' title='bbox 888 2822 1301 2926; x_wconf 86' lang='lat' dir='ltr'>quibusdam</span> <span class='ocrx_word' id='word_1_132' title='bbox 1334 2824 1407 2897; x_wconf 91' lang='lat' dir='ltr'>in</span> <span class='ocrx_word' id='word_1_133' title='bbox 1438 2823 1597 2924; x_wconf 87' lang='lat' dir='ltr'>ipsis</span> <span class='ocrx_word' id='word_1_134' title='bbox 1635 2824 1882 2900; x_wconf 87' lang='lat' dir='ltr'>inserta</span> <span class='ocrx_word' id='word_1_135' title='bbox 1916 2844 2099 2902; x_wconf 86' lang='lat' dir='ltr'>sunt.</span> 
     </span>
    </p>
   </div>
   <div class='ocr_carea' id='block_1_2' title="bbox 1005 3005 1884 3116">
    <p class='ocr_par' dir='ltr' id='par_1_8' title="bbox 1005 3005 1884 3116">
     <span class='ocr_line' id='line_1_24' title="bbox 1005 3005 1884 3116; baseline -0.002 -33"><span class='ocrx_word' id='word_1_136' title='bbox 1005 3005 1159 3083; x_wconf 76' lang='lat' dir='ltr'>Hic</span> <span class='ocrx_word' id='word_1_137' title='bbox 1181 3005 1455 3116; x_wconf 80' lang='lat' dir='ltr'>finiunt</span> <span class='ocrx_word' id='word_1_138' title='bbox 1499 3005 1820 3082; x_wconf 80' lang='lat' dir='ltr'>Concilia.</span> <span class='ocrx_word' id='word_1_139' title='bbox 1873 3061 1884 3072; x_wconf 83' lang='lat'><strong>.</strong></span> 
     </span>
    </p>
   </div>
   <div class='ocr_carea' id='block_1_3' title="bbox 511 3174 2289 3518">
    <p class='ocr_par' dir='ltr' id='par_1_9' title="bbox 511 3174 2289 3518">
     <span class='ocr_line' id='line_1_25' title="bbox 511 3174 2289 3279; baseline 0.003 -29"><span class='ocrx_word' id='word_1_140' title='bbox 511 3174 849 3279; x_wconf 79' lang='lat' dir='ltr'>&#39;Expletis</span> <span class='ocrx_word' id='word_1_141' title='bbox 868 3176 1199 3255; x_wconf 89' lang='lat' dir='ltr'>Conciliis</span> <span class='ocrx_word' id='word_1_142' title='bbox 1226 3178 1543 3254; x_wconf 88' lang='lat' dir='ltr'>omnibus</span> <span class='ocrx_word' id='word_1_143' title='bbox 1577 3178 1907 3255; x_wconf 87' lang='lat' dir='ltr'>insertum</span> <span class='ocrx_word' id='word_1_144' title='bbox 1934 3192 2038 3256; x_wconf 83' lang='lat' dir='ltr'>est</span> <span class='ocrx_word' id='word_1_145' title='bbox 2056 3179 2289 3256; x_wconf 85' lang='lat' dir='ltr'>Chro-</span> 
     </span>
     <span class='ocr_line' id='line_1_26' title="bbox 650 3295 2284 3398; baseline 0.001 -28"><span class='ocrx_word' id='word_1_146' title='bbox 650 3295 852 3372; x_wconf 85' lang='lat' dir='ltr'>nicon</span> <span class='ocrx_word' id='word_1_147' title='bbox 898 3297 1183 3398; x_wconf 84' lang='lat' dir='ltr'>Regum</span> <span class='ocrx_word' id='word_1_148' title='bbox 1205 3351 1228 3386; x_wconf 91' lang='lat'><strong>,</strong></span> <span class='ocrx_word' id='word_1_149' title='bbox 1270 3315 1345 3371; x_wconf 88' lang='lat' dir='ltr'>et</span> <span class='ocrx_word' id='word_1_150' title='bbox 1377 3297 1885 3396; x_wconf 87' lang='lat' dir='ltr'>Imperatorum</span> <span class='ocrx_word' id='word_1_151' title='bbox 1907 3354 1928 3390; x_wconf 88' lang='lat'>‚</span> <span class='ocrx_word' id='word_1_152' title='bbox 1961 3318 2102 3372; x_wconf 88' lang='lat' dir='ltr'>tam</span> <span class='ocrx_word' id='word_1_153' title='bbox 2133 3300 2284 3374; x_wconf 93' lang='lat' dir='ltr'>Ro-</span> 
     </span>
     <span class='ocr_line' id='line_1_27' title="bbox 648 3412 2285 3518; baseline 0.002 -33"><span class='ocrx_word' id='word_1_154' title='bbox 648 3436 1005 3490; x_wconf 85' lang='lat' dir='ltr'>manorum</span> <span class='ocrx_word' id='word_1_155' title='bbox 1018 3470 1042 3506; x_wconf 92' lang='lat'>,</span> <span class='ocrx_word' id='word_1_156' title='bbox 1064 3438 1288 3518; x_wconf 9' lang='lat' dir='ltr'>*quam</span> <span class='ocrx_word' id='word_1_157' title='bbox 1309 3412 1693 3491; x_wconf 86' lang='lat' dir='ltr'>Gottorum</span> <span class='ocrx_word' id='word_1_158' title='bbox 1707 3471 1729 3507; x_wconf 90' lang='lat'>‚</span> <span class='ocrx_word' id='word_1_159' title='bbox 1763 3433 1839 3491; x_wconf 89' lang='lat' dir='ltr'>et</span> <span class='ocrx_word' id='word_1_160' title='bbox 1868 3414 2285 3516; x_wconf 84' lang='lat' dir='ltr'>Hispanien-</span> 
     </span>
    </p>
   </div>
  </div>
 </body>
</html>
