2667 4200
1306 228 1569 292 xxxw

549 309 818 431 nullia
892 343 1391 472 umquam,
1470 361 1627 426 nee
1694 338 2305 472 'paganorum

529 474 952 612 potentia
975 545 1008 587 ,
1051 504 1218 606 ‚nec
1283 471 1953 572 haeretieorum
2003 478 2303 612 petfi

543 621 767 733 dia,
807 650 963 714 nee
1000 647 1367 711 vesana
1402 649 1949 715 maurorum
1998 621 2303 755 impie-

549 785 716 859 tas
759 794 828 857 a
867 781 1302 891 suscepta
1344 761 1633 856 seme-l
1638 758 1855 890 fide
1892 764 2302 863 dimove*

544 939 662 1002 re
703 902 1124 1038 potuerit
1145 939 1183 1010 ;
1253 901 1483 999 adeo
1497 979 1529 1017 ,
1602 926 1709 998 ut
1740 905 1933 1004 -vel
1973 937 2085 1003 ex
2142 905 2309 1006 hoc

547 1048 1018 1182 impletum
1071 1068 1559 1142 censeatur
1613 1048 2019 1144 divinum
2078 1049 2320 1149 illud

556 1190 1096 1289 oraculum:
1137 1187 1453 1286 Portae
1504 1187 1759 1286 inferi
1811 1225 1999 1288 non
2051 1227 2301 1324 prae-

556 1334 1002 1431 valebunt
1041 1333 1462 1429 adversus
1530 1368 1753 1430 eam.
1844 1332 2097 1464 Quin
2156 1338 2321 1433 vel

553 1478 646 1573 in
683 1478 878 1612 ipso
933 1473 1561 1572 maximarum
1613 1476 2307 1574 tribulationum

557 1617 966 1754 conflictu
1005 1653 1074 1714 a
1056 1613 1429 1752 Cespite
1480 1652 1647 1715 suo
1700 1619 2074 1716 edocta:
2114 1655 2302 1719 non

557 1758 877 1860 tim6re
941 1797 1096 1860 eos
1117 1836 1148 1883 ,
1213 1763 1371 1889 qui
1445 1764 1869 1863 occidunt
1944 1797 2306 1898 corpm,

551 1908 952 2007 animam
1003 1933 1309 2001 autem
1371 1939 1556 2000 non
1624 1932 2001 2038 possunt
2061 1909 2303 2003 occi-

553 2053 827 2174 dere,
890 2067 1342 2147 crescente
1394 2047 1795 2187 pugna,
1857 2049 2150 2149 crevit
2223 2072 2312 2148 et

556 2195 749 2330 zjosz·
793 2214 1128 2289 novum
1194 2191 1542 2288 robur·
1506 2262 1537 2304 ,
1597 2192 1889 2289 crevit
1954 2216 2040 2289 et
2096 2226 2310 2288 suo-

558 2371 778 2433 rum
831 2336 1218 2432 militum
1269 2368 1566 2431 novus
1604 2334 2118 2473 pugnandi
2138 2369 2307 2433 ar*

547 2480 788 2596 dor,
841 2479 1011 2615 qui
1064 2477 1445 2575 talibus
1484 2480 1785 2575 armis
1849 2478 2309 2593 instructi,

549 2644 654 2720 'et
705 2624 804 2720 cl
771 2625 1012 2762 ypeo'
1044 2619 1304 2752 fidei
1360 2622 1732 2736 muniti,
1794 2643 1930 2718 tot
1983 2621 2308 2717 trium-

535 2763 845 2902 phos,
911 2788 998 2861 et
1058 2796 1448 2860 coronas
1515 2764 1625 2862 de
1684 2761 2101 2861 hostibus
2158 2797 2305 2860 re-

537 2930 1114 3046 portarunt,
1163 2930 1385 3043 quot
1419 2931 1809 3003 cruenta
1846 2938 2050 3002 cum
2086 2907 2314 3039 ipsis

560 3052 1081 3151 certamina
1118 3050 1416 3148 iniere.
1483 3046 1741 3147 Post
1781 3049 2317 3147 diuturnum

565 3219 882 3295 autem
957 3228 1161 3293 eum
1230 3191 1647 3291 hostibus
1721 3191 2053 3289 bellum
2069 3267 2101 3308 ,
2159 3219 2315 3288 ex·-

541 3340 834 3476 pletis
885 3338 1187 3479 longis
1241 3336 1652 3433 noctibus
1712 3332 2318 3466 zbzfideli‘tatzs,
