2667 4200
547 397 557 407 ·
651 347 996 427 Omnibus
1025 353 1164 460 jam
1190 350 1295 427 his
1311 406 1331 441 ,
1353 250 1580 439 vseluti
1605 347 2091 450 proemialibus
2108 409 2127 442 ,
2153 379 2304 430 suc-

536 466 721 543 cedit
772 494 948 566 opus
1003 469 1234 570 ipsum
1287 470 1747 570 praecipuum
1794 470 2300 548 conciliorum.

533 584 630 660 Et
683 585 907 684 primo
957 588 1184 665 Index
1241 589 1554 689 copiosus
1583 645 1603 680 ‚
1657 587 2064 691 curioseque
2122 590 2298 665 deli-

535 722 779 779 neatus
802 761 822 796 ‚
861 706 1226 783 titulorum
1261 708 1572 783 omnium
1609 705 2088 785 conciliorum
2109 764 2130 800 ,
2165 736 2297 785 vo-

535 816 799 903 lumine
834 830 967 902 hoc
1001 846 1499 902 contentorum.

548 1006 557 1021 ,
652 942 998 1043 Praefatio
1026 1000 1046 1034 ,
1101 971 1284 1045 quae
1347 944 1420 1019 in
1481 943 1818 1044 impressis
1877 941 1981 1018 D.
2034 944 2299 1022 Isidoro

537 1055 862 1134 tn‘buitur
895 1090 914 1136 ε
949 1059 1064 1137 hic
1096 1081 1329 1137 tamen
1362 1077 1607 1138 trunca
1640 1076 1741 1137 est
1775 1063 2151 1138 admodum.

652 1173 998 1254 Elenchus
1046 1180 1523 1256 Conciliorum
1552 1238 1571 1271 ‚
1607 1183 1741 1255 hoc
1785 1178 1962 1254 libro
2017 1200 2294 1256 conten-

536 1304 792 1375 torum‘.
852 1288 1066 1391 Quae
1103 1299 1388 1400 quidem
1422 1326 1556 1382 non
1590 1297 1927 1396 tempori,
1964 1318 2048 1373 ut
2077 1297 2145 1371 in
2177 1286 2300 1373 ex-

535 1413 715 1488 cusis
737 1471 758 1505 ,
811 1414 932 1491 sed
985 1417 1275 1493 nationis
1340 1416 1576 1494 habita
1638 1415 1898 1492 ratione
1924 1473 1945 1507 ‚
2002 1422 2291 1493 enume-

537 1548 791 1604 rantur.

650 1648 959 1729 Priorem
1004 1650 1240 1726 locum
1255 1663 1267 1674 ⁶
1284 1650 1560 1728 Graeca
1604 1650 1959 1727 obtinentz
2002 1678 2293 1753 sequen-

532 1782 681 1842 tem
715 1768 1082 1845 Africana:
1128 1771 1415 1846 tertium
1464 1766 1736 1845 Gallica
1769 1799 1787 1843 ε
1836 1796 1917 1844 ac
1963 1762 2293 1845 ultimam

533 1882 930 1981 Hispanica.
969 1888 1316 1979 Quamvis
1351 1907 1507 1986 post
1537 1892 1710 1962 haec
1743 1888 1970 1961 omnia
2006 1882 2294 1963 demum

535 1998 770 2075 addita
822 2002 953 2077 sint
1004 2003 1279 2079 Gallica
1338 2005 1604 2107 aliquot
1625 2061 1645 2096 ,
1682 2031 1863 2107 quae
1890 2060 1910 2093 ,
1960 2006 2293 2105 scriptoris

532 2114 759 2196 forsan
802 2120 1058 2198 incuria
1079 2178 1101 2214 ,
1145 2123 1319 2199 inter
1362 2125 1629 2226 reliqua
1676 2123 1989 2200 collocari
2020 2122 2294 2201 fixerant

530 2237 798 2314 omissa.
853 2242 950 2315 Et
983 2261 1141 2316 sunt
1171 2244 1368 2317 haec.
1423 2261 1432 2268 ’

1072 2479 1143 2556 C
1155 2478 1220 2555 Ο
1236 2477 1344 2554 Ν
1355 2480 1423 2555 C
1441 2480 1500 2553 I
1510 2478 1578 2552 L
1602 2480 1661 2553 I
1668 2479 1747 2554 A

530 2592 884 2669 volzmninis
928 2594 1127 2702 hujus
1140 2651 1163 2684 ‚
1200 2599 1448 2673 collata
1492 2623 1632 2671 cum
1681 2596 1942 2671 excusis
1960 2650 1984 2682 ‚
2035 2610 2103 2671 et
2135 2596 2284 2670 Lu-

686 2715 896 2801 censi,
930 2737 1016 2787 ac
1050 2716 1473 2817 Hispalensi
1500 2716 1716 2791 MSS.
1745 2714 2121 2792 Codicibus.

531 2946 803 3025 Graeca
832 2946 1150 3026 Concilia
1183 2973 1272 3024 ex
1305 2976 1385 3025 ea
1420 2969 1576 3026 sunt
1608 2948 2036 3025 translatione
2054 3004 2075 3040 ,
2100 2973 2288 3049 quae

643 3064 715 3139 in
749 3065 1083 3165 impressis
1119 3068 1435 3145 Secunda
1468 3066 1703 3144 Editio
1735 3067 1983 3170 passim
2014 3092 2284 3143 nuncu-

645 3203 871 3281 patur.

538 3322 655 3378 1
692 3302 965 3380 Nicena
992 3289 1312 3406 Synodns
1339 3304 1762 3406 temporibus
1787 3302 2040 3409 Magni
2064 3302 2282 3380 Cons-

641 3422 884 3498 tantini
915 3422 1006 3498 ab
1038 3422 1394 3524 Episoopis
1434 3445 1474 3523 3
1500 3448 1530 3498 1
1551 3422 1625 3502 8.
2255 3473 2260 3476 -
