2667 4200
1140 244 1417 308 xxx111

376 341 538 448 'da
557 427 587 465 ,
649 337 740 446 et
814 348 1041 482 ipsis
1110 347 1250 446 ad
1315 338 1821 447 sacrorum-
1850 331 2146 448 cano:-

397 527 620 588 num
657 493 1088 588 instituta
1111 568 1140 606 ,
1185 511 1273 586 et
1329 491 1842 589 sanctiones
1880 507 2148 590 rev'o-
2246 611 2252 624 .

401 635 778 746 candis;
832 634 1068 732 inter
1130 666 1366 769 quos
1429 634 1909 773 egregiam
1974 669 2148 739 na-

393 801 757 876 varunt
831 811 1206 912 operam
1275 773 1798 875 Antzstites
1862 809 2155 911 prae-

400 919 1021 1054 stantzssimi,
1072 943 1159 1017 et
1236 920 1507 1017 sacri
1569 917 1855 1019 DD.
1887 997 1920 1035 ,
1980 955 2170 1032 non,

397 1065 703 1161 minus
757 1061 1202 1162 'doctrmd
1212 1141 1242 1181 ,
1301 1094 1587 1200 quam
1650 1063 2153 1164 sanctitate

405 1206 887 1304 illustres:
958 1205 1252 1322 Zeno,
1317 1205 1858 1340 Episcopus
1894 1205 2061 1304 H
2020 1239 2151 1303 zs-

377 1351 855 1514 palenszs,
927 1343 1532 1485 Profuturus
1598 1347 2151 1448 Bracaren-

403 1492 612 1608 sis,
738 1489 1235 1589 Pacianus
1374 1492 2177 1612 Barcinonensis,

401 1633 695 1732 Osius
712 1711 742 1750 ,
785 1634 1307 1772 Eulogius,
1341 1633 1916 1752 Montanus,
1950 1634 2153 1733 Eu·-
2293 1698 2297 1702 -

390 1778 710 1916 genii,
789 1772 1212 1893 Iuliani,
1310 1775 1814 1876 Martinus
1912 1775 2151 1877 Du·-

403 1921 816 2035 miensis,
859 1915 1187 2037 Itaciz,
1231 1917 1670 2020 Leander
1686 1999 1716 2039 ,
1750 1917 2157 2060 Fulgen-

403 2064 647 2181 tius,
691 2058 1183 2180 Isidorus
1242 2062 1775 2181 Massona,
1818 2063 2153 2163 Brau-

405 2207 587 2305 lius
629 2284 659 2324 ,
754 2141 1374 2343 Ildephoizsus
1412 2286 1444 2324 ,
1542 2202 2123 2340 Innocentius
2124 2268 2154 2325 ,-

404 2350 952 2488 Apringius
982 2427 1012 2466 ,
1077 2351 1580 2448 Maximus
1604 2429 1635 2468 ,
1717 2350 2154 2468 Severus,

397 2488 864 2611 Ioannes,
945 2493 1526 2629 Eutropius,
1608 2518 1694 2593 et
1765 2496 2174 2629 plurimi

405 2636 616 2752 alii,
661 2670 1054 2773 quorum
1110 2635 1405 2771 opera
1408 2713 1438 2752 ,
1484 2661 1572 2735 et
1630 2636 1939 2735 studit?
1986 2672 2158 2737 an·-

407 2779 928 2915 tiquissimi
959 2780 1272 2877 nostri
1316 2780 1657 2879 codices
1712 2782 1825 2883 in
1858 2784 2159 2881 melio-

405 2951 609 3019 rem
608 2916 1050 3057 formam
1091 2924 1459 3062 digesti
1493 2922 1873 3039 mendis,
1909 2948 1996 3021 et
2026 2958 2167 3023 er-

409 3066 783 3163 roribus
837 3067 1448 3205 expurgatis,
1504 3065 1967 3165 adiunctis
1999 3090 2195 3205 po&

262 3286 275 3293 .
414 3210 911 3307 stert'orum
948 3209 1543 3308 Conciliorum
1598 3209 2041 3326 decretis,
2084 3232 2173 3307 et

419 3350 894 3491 Synodiczs
962 3354 1549 3454 Summarum
1605 3350 1901 3453 Pont
1860 3350 2173 3487 ficum
