2667 4200
691 348 827 424 hoc
849 402 871 438 ‚
902 361 975 422 et
1018 344 1090 422 in
1132 247 1441 449 reliquis⁵
1454 342 1836 425 Codicibus
1868 339 2298 421 desideratur
2318 370 2347 420 ε

691 465 990 541 habetur
1020 484 1258 541 autem
1290 464 1366 539 in
1398 465 1736 540 ambobus
1763 458 2141 538 Toletanis.

584 601 624 658 1
642 607 714 656 0.
746 581 1093 680 Ephesina
1124 582 1449 685 Synodus
1495 606 1527 658 1
1544 586 1597 657 .⁸
1642 579 1897 678 Incipit
1927 581 2020 654 ab
2056 579 2339 676 Episto-

689 697 760 774 la
795 699 1055 803 Cyrilli
1102 701 1193 775 ad
1237 700 1695 778 Nestorium:
1738 724 1932 799 quum
1979 700 2335 776 Salvator.

690 816 1095 895 Concilium
1149 821 1286 895 hoc
1332 845 1470 894 non
1514 845 1602 895 eo
1653 816 1865 894 modo
1930 816 2005 892 in
2068 816 2339 894 excusis

691 938 992 1011 habetur
1026 942 1159 1011 &c.

585 1072 623 1127 1
645 1072 680 1125 1
695 1108 715 1127 .
751 1051 1269 1129 Calcedonense
1303 1053 1722 1132 Concilium.
1779 1052 2071 1129 Initium
2121 1054 2335 1160 hujus

690 1169 992 1247 Concilii
1038 1171 1227 1247 idem
1275 1192 1378 1247 est
1424 1200 1586 1250 cum
1632 1173 1998 1270 impresso;
2042 1170 2165 1246 sed
2206 1171 2332 1246 de-

687 1307 851 1365 sunt
887 1287 1186 1388 plurima
1200 1348 1220 1382 ,
1255 1318 1438 1395 quae
1471 1292 1543 1367 in
1576 1290 1904 1367 Lucensis
1934 1289 2171 1364 Indice
2203 1316 2337 1364 no·

688 1406 1012 1483 tavimus.
1046 1409 1384 1491 Continet
1407 1410 1660 1488 Codex
1692 1406 1808 1484 hic
1833 1406 2333 1507 expositionem

685 1523 988 1623 Synodi,
1020 1544 1093 1601 et
1119 1525 1244 1600 tria
1278 1525 1502 1601 edicta
1536 1530 2044 1625 Imperatorum
2077 1524 2150 1598 in
2176 1526 2328 1631 ejus
2471 1548 2478 1555 ·

684 1638 1265 1718 confirmationem
1279 1701 1300 1735 ,
1335 1670 1518 1746 quae
1549 1644 1621 1720 in
1651 1642 1799 1719 aliis
1833 1643 2324 1718 desiderantur.

569 1755 753 1836 Sunt
796 1758 965 1834 item
1012 1752 1365 1858 Epi-stolae
1400 1762 1582 1838 duae
1618 1760 1907 1837 Martini
1939 1761 2324 1858 Imperato-

683 1876 773 1951 ris
821 1896 1051 1952 contra
1093 1879 1518 1953 haereticos:
1561 1897 1635 1954 et
1679 1879 1967 1954 demum
2013 1877 2326 1976 Epistola

680 1990 974 2067 formata
1014 1994 1277 2084 Attici,
1320 1995 1645 2096 Episcopi
1690 1995 2322 2094 Constantinopoli-

680 2108 844 2188 tani.
868 2111 1225 2190 Hactenus
1243 2112 1711 2199 Graecorum;
1732 2133 2114 2220 sequuntur
2134 2115 2323 2192 Con·

682 2226 838 2305 cilia
871 2228 1277 2307 Latinorum
1291 2289 1315 2324 ,
1351 2250 1423 2306 et
1454 2234 1680 2332 primo

1183 2468 1696 2546 Annas.

570 2720 608 2775 1
629 2723 699 2774 2.
735 2699 1127 2804 Cartaginis
1175 2704 1574 2781 Concilium
1621 2704 1684 2778 1.
1750 2723 1874 2807 50.
1929 2703 2306 2803 Episcopo·

672 2842 868 2893 rum:
904 2817 976 2894 in
1002 2820 1302 2896 Lucensi
1333 2848 1478 2904 non=
1497 2840 1940 2897 numerantur
1963 2820 2313 2921 Episcopi.

567 2958 698 3035 13.
732 2935 1227 3042 Cartaginense
1261 2939 1367 3013 11.
1410 2939 1455 3015 6
1477 2963 1542 3014 1.
1580 2938 2102 3039 Episcoporum.

560 3075 694 3150 14.
735 3055 1126 3158 Cartaginis
1181 3056 1582 3136 Concilium
1636 3057 1779 3133 111.
1839 3056 2160 3134 habitum
2222 3056 2312 3133 ab

666 3170 1022 3272 Episcopis
1057 3202 1345 3252 numero
1383 3201 1519 3275 47.

558 3312 597 3367 1
620 3310 689 3394 ς.
725 3289 1117 3393 Cartaginis
1168 3292 1569 3370 Concilium
1613 3291 1763 3372 IV.
1811 3293 1903 3369 ab
1948 3291 2301 3395 Episcopis

676 3432 718 3481 2
740 3432 771 3483 1
789 3435 868 3506 4.
907 3408 1253 3490 habitum.
