2667 4200
1141 244 1194 322 6
1212 267 1247 323 1

318 383 465 461 47.
498 357 921 440 Toletanum
954 360 1357 442 Concilium
1385 361 1584 442 νέω
1625 388 1666 440 2
1679 390 1756 463 4.
1791 363 2080 467 Episco-

436 505 688 578 porum
716 536 738 573 ‚
784 505 941 557 aera
991 481 1520 561 DCLXXIV.
1579 479 1716 588 (in
1777 484 2079 560 Lucensi

438 596 898 676 DCXXIII.
968 601 1057 674 In
1104 600 1369 676 excusis
1425 595 2082 710 DCLXXXIV.)

436 741 617 790 anno
668 739 700 791 1
718 719 771 792 ‚⁰
806 716 1193 793 chintilani
1226 718 1465 822 Regis.

322 829 463 929 48.
500 835 572 908 T
574 832 932 930 oletanum
966 835 1366 912 Concilium
1402 835 1548 913 VI.
1588 853 1664 912 et
1707 835 2079 936 Episcopo-

436 976 598 1025 rum
654 952 791 1049 48.
813 1009 833 1044 ,
880 954 1010 1028 sub
1061 952 1173 1030 die
1220 956 1325 1030 V.
1385 953 1556 1030 Idus
1607 954 1856 1044 -Junias
1885 1010 1906 1044 ,
1955 981 2078 1031 an-

437 1095 529 1143 no
579 1071 683 1142 2.⁰
724 1069 1030 1178 ejusdem
1080 1071 1466 1149 Chintilani
1519 1073 1760 1176 Regis,
1820 1073 1908 1146 In
1947 1099 2076 1180 ex-

438 1185 621 1262 cusis'
661 1186 1089 1265 Provinciale
1135 1187 1342 1278 fuisse
1395 1189 1647 1266 dicitur
1679 1217 1697 1263 ε
1745 1190 1820 1264 in
1851 1190 2072 1266 Tole-

433 1303 607 1378 tanis
660 1305 1054 1406 appellatur
1098 1307 1509 1386 Universale
1533 1365 1555 1402 ,
1587 1307 1766 1386 sicut
1813 1307 1887 1383 in
1931 1307 2074 1385 Lu·

434 1447 641 1498 censl.

314 1563 454 1641 49.
493 1539 919 1618 Toletanum
972 1543 1372 1622 Concilium
1420 1546 1610 1623 VII.
1680 1569 1719 1644 3
1735 1573 1809 1620 0.
1867 1542 2070 1644 Epis·

424 1684 806 1758 coporum,
854 1679 1128 1762 gestum
1184 1691 1362 1739 anno
1427 1668 1534 1768 5.⁰
1583 1661 2076 1741 Chindasvinti

422 1774 691 1880 Regis,
730 1776 918 1852 XV.
965 1779 1323 1858 Kalendas
1378 1782 1859 1871 Novembris,
1910 1804 2072 1856 aera

425 1891 1069 1973 DCLXXXIV.¹

321 2030 358 2116 ς
376 2036 448 2084 0
452 2011 878 2087 Toletanum
889 2015 1287 2092 Concihum
1299 2017 1564 2094 VIII.
1545 2046 1614 2094 ln
1634 2019 1828 2095 Urbe
1842 2015 2070 2121 Regia

428 2130 854 2207 celebratum
888 2130 931 2207 a
977 2156 1071 2240 51
1087 2192 1104 2212 .
1140 2136 1589 2212 Pontificibus
1605 2192 1625 2227 ,
1654 2137 1767 2211 die
1799 2134 2067 2210 XVII.

428 2247 910 2326 Kalendarum
939 2256 989 2344 J
992 2253 1420 2330 anuariarum
1437 2312 1458 2346 ,
1497 2278 1652 2329 aera
1699 2251 2069 2328 DCXCI.

368 2406 375 2415 ·
432 2361 561 2471 (in
590 2366 889 2445 Lucensi
926 2366 1299 2474 DCXC.)
1324 2397 1503 2447 anno
1540 2374 1643 2475 5.⁰
1672 2368 2074 2448 Recesvinti

432 2484 673 2586 Regis.
700 2486 1257 2588 Subscripserunt
1276 2488 1604 2588 Episcopi
1635 2510 1671 2594 ς
1697 2510 1729 2565 1
1746 2544 1763 2562 .
1781 2542 1802 2578 ,
1827 2508 1898 2563 et
1927 2485 2068 2580 alii,

432 2599 665 2698 plures
696 2629 911 2705 quam
945 2605 1015 2680 in
1050 2606 1372 2682 Lucensi.

316 2716 646 2821 Sequitur
697 2721 770 2796 in
815 2724 947 2799 hoc
995 2724 1261 2800 Codice
1274 2724 1665 2801 --decretum
1710 2721 2066 2821 Principis,

430 2837 626 2937 quod
674 2838 959 2937 incipit:
1011 2844 1426 2919 Soliditatem
1473 2844 1858 2919 reddidisse
1885 2838 2066 2941 fra-

430 2971 672 3031 cturae
696 2956 821 3031 (rc.
852 2976 923 3032 et
954 2958 1081 3035 alia
1118 2960 1285 3037 item
1321 2960 1634 3070 ejusdem
1661 2961 1851 3035 Lex:
1880 2956 2072 3032 Emi-

429 3074 699 3149 nentiae
744 3078 1055 3153 celsitudo
1089 3076 1214 3155 bac.
1242 3104 1424 3181 quae
1459 3077 1530 3153 in
1563 3076 1866 3155 Lucensi
1889 3073 2070 3151 desi·

433 3190 782 3268 derantur.

328 3326 423 3411 51
441 3364 457 3382 .
497 3308 838 3387 Toletana
896 3314 1219 3417 Synodus
1279 3314 1424 3391 IX.
1503 3339 1535 3391 1
1554 3316 1628 3391 6.
1693 3316 2069 3416 Episcopo-

432 3452 589 3503 rum
601 3484 625 3520 ,
660 3454 840 3508 anno
876 3440 993 3532 7.⁰
1022 3433 1420 3511 Recesvinti
1449 3434 1782 3533 Principis
1801 3490 1822 3524 ,
1849 3430 2075 3509 VIII.
