2667 4200
568 368 714 461 que
745 342 1165 455 duplicatae-'z
1199 372 1616 432 transversae
1647 344 1870 431 lineae
1893 410 1913 445 ,
1947 380 2132 459 quae
2166 356 2328 433 inde

572 476 663 550 ad
709 474 1061 549 dexteram
1088 531 1108 566 ,
1151 490 1225 549 et
1273 474 1616 550 sinistram·
1645 474 1945 550 tendunt
1995 474 2070 549 8.
2122 492 2197 550 et
2237 475 2326 550 θ’.

570 591 1058 669 Extremitates
1108 592 1385 693 insuper
1440 619 1516 690 4.
1572 592 1826 694 quibus
1871 592 2123 668 Crucis
2170 588 2328 666 bra}-

574 709 730 784 chia
764 708 1183 786 clauduntur
1203 768 1223 803 ,
1273 734 1304 786 1
1322 736 1398 810 9.
1434 712 1660 787 literas
1694 706 1995 793 continet
2025 709 2331 808 ipsarum

577 826 953 933 quaelibet.
1008 831 1287 925 Praeter
1318 832 1525 917 haec,
1562 829 1645 902 in·
1670 828 1878 929 ipsius
1912 828 2132 902 crucis
2166 853 2334 929 qua·

580 966 742 1020 tuor
765 945 1038 1047 angulis
1054 1000 1074 1033 ,
1095 938 1395 1046 quatuor
1420 945 1680 1048 figurae
1708 932 2105 1050 (quaelibet
2132 971 2222 1019 ex
2252 944 2333 1019 li·-

568 1063 736 1137 teris
757 1058 876 1195 .9)
911 1062 1452 1156 constituuntur,
1475 1056 1867 1138 inmodum
1900 1054 2329 1161 depictarum

568 1181 690 1255 ‘hic
752 1179 822 1254 in
883 1180 1250 1283 margine·
1282 1207 1463 1283 quae
1518 1181 1742 1257 simul
1786 1183 2058 1288 junctae
2117 1181 2334 1256 verba

568 1300 749 1372 haec
786 1298 1193 1374 continent:
1180 1323 1289 1377 1
1327 1300 1367 1373 b
1400 1300 1756 1374 Lectores:
1767 1322 1866 1373 2
1893 1299 2330 1376 Memoriosi:

576 1439 660 1514 3.
688 1408 1115 1494 Sarracini:
1139 1434 1247 1514 4.·
1239 1410 1738 1493 Mementote.

976 1682 983 1691 ‚
1159 1600 1230 1675 T
1220 1622 1273 1673 Α
1291 1624 1341 1672 Β
1357 1621 1528 1675 aza
1599 1578 1831 1695 IV

753 1737 1055 1815 Ανόονὶε
1082 1686 1400 1842 firmam
1447 1740 1646 1814 intra
1687 1764 1800 1813 se..
1795 1731 2148 1838 referens.

705 1884 1253 1985 Aliquantulum
1305 1888 1474 1957 haec
1529 1902 1634 1957 est
1686 1881 1950 1963 diversa
2001 1881 2046 1955 ὲ
2097 1880 2329 1980 priori.

578 1999 893 2074 Primum
948 2000 1130 2077 enim
1196 2025 1235 2101 3
1250 2024 1327 2102 7.
1383 2027 1620 2077 versus
1679 1998 2027 2075 continet:
2078 1999 2332 2101 quibus

580 2108 830 2223 Vigila
877 2140 1193 2220 precatur
1228 2119 1608 2222 Virginem
1650 2117 1950 2192 Mariam
1987 2144 2149 2190 cum
2183 2119 2334 2226 ejus

581 2236 724 2311 filio
772 2236 1269 2328 Jesu-Christo
1294 2295 1315 2327 ,
1369 2256 1441 2311 et
1483 2234 1772 2337 Angelis'
1818 2231 2182 2333 Raphaele
2207 2290 2227 2323 ,
2261 2254 2336 2308 et

574 2352 983 2444 ‘Michaele-,
1023 2380 1148 2452 pro
1183 2355 1404 2429 salute
1439 2354 1656 2456 Regis
1671 2347 1943 2428 'Sanctii
1961 2350 2334 2442 Ranimiri,
2438 2355 2442 2359 ’

578 2490 657 2544 et
687 2471 982 2546 Urracae
1011 2489 1144 2545 :·'ac
1178 2491 1305 2569 pro
1322 2498 1411 2546 ese
1446 2471 1625 2568 ipso,
1664 2468 1998 2560 et2sociis‚
2029 2494 2114 2542 ac
2140 2469 2333 2545 coes

576 2588 786 2663 nobio
822 2587 1052 2664 Sancti
1085 2588 1375 2663 Martini
1409 2587 1498 2663 de
1525 2586 1859 2664 Aluelda·

576 2733 585 2744 ·
618 2755 627 2760 ⁴
716 2707 1006 2781 Mediae
1050 2726 1403 2803 praeterea
1453 2704 1686 2828 literae
1733 2703 1984 2778 horum
2015 2703 2331 2778 omnium

576 2848 962 2913 versuum,
1016 2848 1200 2923 quae
1253 2822 1323 2896 in
1379 2847 1838 2923 unoquoque
1857 2840 1986 2896 est
2029 2832 2190 2919 17a
2241 2822 2333 2894 ab

576 2961 875 3043 utraque
935 2962 1171 3039 parte,
1219 2960 1540 3017 truncum
1603 2938 1855 3016 arboris
1910 2939 2338 3036 constituunt

580 3052 755 3135 fusci
788 3059 1072 3135 coloris:
1110 3057 1233 3187 qui
1265 3062 1443 3134 hanc
1476 3031 1840 3133 lectionem
1873 3023 2123 3132 reddit.

583 3240 1098 3350 r,Arborpardis
1117 3256 1333 3316 tensa
1347 3238 1561 3326 ramis
1585 3238 1731 3311 hinc
1748 3263 1873 3325 ve,
1899 3237 2049 3350 sijve
2076 3250 2143 3310 et
2165 3235 2337 3310 hinc.

586 3445 595 3453 ·
628 3453 636 3460 ·
694 3415 921 3498 Καιηί.
955 3432 1114 3492 sunt
1148 3410 1671 3517 quatuor-hinc.
1697 3430 1789 3488 er.
1819 3409 2006 3492 hinc.
2068 3403 2344 3484 Primus
