2667 4200
1114 211 1411 268 ‘XXXIX

387 344 600 412 mus
615 349 653 424 ,·
693 305 956 408 vobis
995 305 1251 406 tanti
1285 306 1593 443 operis
1648 304 1881 407 vere?
1923 293 2145 409 Pa-

393 455 690 556 tronis
714 529 746 571 ,
790 451 1205 550 dicamus
1221 527 1252 568 ‚
1277 483 2147 590 consecramusqueg,

387 622 700 736 utpote
749 594 920 734 qui
966 594 1503 692 earumdem
1562 595 2154 696 ecclesiarum

391 741 688 841 incliti
763 737 1432 851 Moderatores
1512 739 1979 857 existitis,
2059 761 2151 840 et

371 869 1210 1056 praedecessorum
1305 903 1911 1000 vestrorum,
2019 883 2165 984 ad

399 1060 633 1167 quos
670 1023 1129 1163 proprias
1189 1023 1631 1164 egregius
1668 1027 1843 1124 iste
1880 1025 2156 1126 labor

399 1191 806 1336 spectat,
839 1200 1313 1305 personas
1354 1169 1897 1334 dignis-sime
1944 1171 2158 1270 sub-

398 1313 760 1412 stinetis
799 1346 831 1408 .·
911 1311 1170 1451 agite
1257 1345 1487 1451 ergo
1562 1311 1755 1412 iam
1792 1390 1825 1430 ,
1906 1309 2164 1412 ‘Ilm

399 1453 938 1556 Praesules
954 1532 986 1570 ,
1029 1478 1118 1553 et
1147 1486 1339 1590 pro
1393 1491 1491 1556 eo
1507 1532 1540 1573 ,
1581 1490 1760 1594 quo
1800 1458 2026 1558 estis
2064 1459 2159 1556 in

401 1597 774 1739 Regem
807 1622 1232 1696 nostrum
1268 1632 1586 1699 amore
1606 1676 1639 1717 ,
1698 1623 1787 1698 et
1841 1601 2155 1700 obser-

403 1739 760 1843 vantia*
777 1739 1198 1877 perficite
1221 1819 1251 1858 ‚
1291 1776 1403 1840 ne
1440 1745 1673 1880 quid
1718 1745 1808 1841 in
1836 1768 2157 1880 poste-

405 1921 622 1985 rum
700 1884 1220 1982 detrimenti
1271 1885 1663 2022 capiant
1728 1888 2165 2024 pretiosa

409 2032 605 2130 ista
622 2108 652 2148 ,
733 2051 820 2127 et
897 2028 1395 2129 domestica
1487 2063 1831 2129 sacrae
1918 2033 2163 2131 anti-

410 2172 807 2313 quitatis
861 2160 1443 2271 monumenta
1458 2248 1491 2290 ,
1554 2174 1730 2271 sed
1781 2197 1889 2270 ut
1942 2208 2167 2273 sar-

407 2341 526 2416 ·ta
586 2339 838 2416 tecta
899 2348 1076 2411 non
1136 2314 1439 2413 solnm
1504 2348 1747 2455 quae
1810 2319 1952 2417 ad
2009 2319 2169 2417 do-

401 2494 693 2626 gnta,
733 2458 910 2556 sed
956 2491 1201 2595 quae
1257 2459 1399 2557 ad
1453 2460 1854 2580 cultum,
1894 2462 2169 2560 litur-

404 2605 680 2745 giam
695 2676 728 2718 ,
769 2624 858 2699 et
896 2601 1473 2769 disciplinam
1524 2629 1996 2740 spectant,
2050 2605 2179 2704 ab

415 2746 667 2844 omni
690 2745 1124 2880 temporis
1163 2744 1554 2864 irziuria,
1596 2771 1707 2847 et
1721 2747 2181 2847 hominum

322 2919 356 2947 Χ
413 2884 820 3005 inertia,
891 2910 982 2986 et
1047 2888 1748 3008 malevolentia,
1810 2924 2175 2991 conser-

417 3036 766 3132 vintur
779 3107 812 3149 ,
872 3054 962 3130 et
1028 3056 1360 3133 extent.
1440 3032 1654 3166 Quo
1714 3034 1925 3132 item
1953 3034 2181 3168 fiet,

419 3199 530 3274 ut
584 3174 1232 3313 antiquonovis
1287 3177 1478 3276 illis
1536 3172 2183 3313 reformatori-

421 3318 600 3419 bus
677 3316 1136 3419 silentium
1207 3320 1699 3459 imponatis
1729 3398 1761 3440 ,
1824 3321 1997 3461 qui
2056 3316 2203 3422 ad
