2667 4200
1076 297 1083 314 ,
1373 256 1409 312 1
1432 254 1539 339 54

557 385 614 428 n
634 379 844 457 quar,
872 379 1034 430 cum
1067 348 1142 430 id
1170 369 1318 427 tam
1350 350 1559 428 multi
1586 350 2111 457 castigationum
2144 352 2343 448 libri,

559 504 615 550 υ
634 471 681 550 ὲ
715 471 872 548 viris
911 469 1131 548 doctis
1176 490 1417 546 nostrae
1459 472 1673 549 aetatis
1724 472 1798 547 in
1850 471 2086 551 lucem
2132 473 2342 565 editi,
2413 551 2420 560 ,

560 620 615 660 22
634 616 798 666 cnm
832 615 1089 693 magno
1126 588 1514 666 litterarum
1548 589 1782 668 fructu
1818 614 2338 689 persuaserunt.

559 738 616 778 ω
635 709 904 810 Neque
943 734 1106 785 vero
1145 711 1297 817 ejus
1351 708 1600 786 laboris
1646 736 1945 787 summas
1993 710 2331 788 utilitates

561 856 617 900 n
637 825 1119 904 diffitebantur
1141 883 1164 917 ,
1199 824 1327 902 nisi
1359 827 1486 929 qui
1530 829 1650 905 vel
1704 827 1799 903 ita
1843 826 2104 904 fuerint
2145 828 2330 920 caeci,

562 974 617 1022 ’.ι
638 963 720 1022 ut
752 973 889 1020 non
922 945 1204 1022 videant
1234 971 1508 1044 semper
1549 945 1621 1022 in
1654 937 1953 1021 deterius
1987 945 2178 1022 abire
2211 975 2334 1046 po·

562 1094 617 1133 n
636 1062 919 1138 steriora
951 1089 1249 1166 quaeque
1282 1065 1375 1139 ab
1407 1091 1550 1140 uno
1583 1062 1960 1163 exemplari
1993 1091 2169 1164 saepe
2203 1065 2332 1141 de·

565 1209 618 1249 υ
639 1181 938 1280 scripta3
997 1181 1114 1258 vel
1166 1182 1264 1258 ita
1318 1182 1644 1259 excordes
1673 1239 1693 1274 ,
1746 1200 1833 1258 ut
1890 1182 2108 1257 nihilo
2168 1182 2335 1282 plus

564 1327 619 1367 n
639 1320 874 1376 ament
909 1298 1140 1377 lucem
1175 1326 1389 1403 quam
1416 1302 1730 1377 tenebras
1750 1356 1772 1391 ‚
1803 1300 1978 1375 nihil
2009 1301 2337 1379 interesse

566 1446 620 1485 υ
640 1437 926 1518 putent,
961 1420 1429 1497 affirmeturne
1455 1419 1760 1522 'aliquid,
1789 1446 1877 1494 an
1912 1439 2327 1522 negetur.....

563 1564 619 1603 υ
640 1535 865 1610 Multi
910 1536 1198 1638 quidem
1245 1564 1370 1636 per
1421 1537 1832 1637 Hispaniam
1877 1557 2038 1612 sunt
2071 1537 2335 1615 Conci-

563 1681 618 1721 „
639 1651 894 1730 liorum
931 1653 1231 1732 Codices
1277 1655 1767 1742 vetustissimi,
1810 1682 2046 1731 omnes
2092 1654 2337 1731 litteris

568 1803 621 1841 υ
643 1770 965 1850 Gothicis
1008 1773 1330 1874 descripti
1353 1830 1374 1864 ‚
1411 1772 1536 1877 qui
1585 1800 1920 1878 magnum
1973 1773 2045 1848 in
2099 1773 2336 1872 primis

567 1919 621 1958 υ
641 1890 1129 1999 adjumentum
1161 1892 1381 1976 aferre
1419 1911 1694 1990 possent
1726 1892 1818 1967 ad
1864 1893 2042 1968 hanc
2085 1890 2341 1970 Conci-

563 2036 619 2076 „
641 2005 897 2084 liorum
942 2007 1572 2086 emendationem.”

682 2128 813 2205 No
853 2127 1219 2227 podremos
1266 2129 1412 2231 hoy
1461 2128 1914 2205 lamentarnos
1955 2128 2042 2203 de
2069 2153 2211 2230 que
2249 2153 2345 2204 en

565 2244 842 2345 Espafia
875 2273 948 2323 se
995 2244 1229 2323 hallen
1272 2247 1564 2321 muchos
1609 2246 1700 2323 de
1745 2245 2060 2348 aquellos
2109 2245 2344 2349 ciegos

565 2390 710 2465 que
744 2390 834 2438 no
868 2389 1044 2439 vean
1089 2360 1156 2436 la
1198 2361 1495 2439 utilidad
1539 2362 1631 2441 de
1684 2364 1997 2463 publicar
2047 2362 2152 2439 los
2185 2391 2343 2439 mo·

566 2497 930 2556 numentos
965 2479 1331 2584 antiguos3
1370 2481 1441 2557 ni
1475 2481 1564 2557 de
1598 2482 1907 2584 aquellos
1961 2481 2344 2558 indolentes

565 2622 708 2701 que
745 2626 949 2676 amen
980 2599 1052 2676 lo
1098 2599 1346 2676 mismo
1394 2600 1461 2675 13
1510 2598 1631 2676 luz
1668 2627 1809 2703 que
1857 2599 1956 2677 las
2000 2599 2339 2689 tinieblas‚

566 2716 616 2792 6
642 2744 783 2820 que
810 2718 1029 2793 miren
1064 2744 1191 2793 con
1227 2717 1420 2822 igual
1457 2716 1897 2795 indiserencia
1922 2744 2065 2820 que
2093 2746 2165 2794 se
2195 2717 2340 2793 afit·

566 2861 683 2911 me
710 2835 759 2913 6
786 2860 927 2938 que
962 2861 1034 2911 se
1062 2835 1319 2939 niegue
1348 2835 1600 2938 alguna
1629 2863 1804 2912 cosa.
1842 2834 1933 2910 El
1961 2838 2147 2914 R.¹¹²⁰
2172 2835 2342 2913 Flo-

567 2981 686 3030 rez
711 3013 732 3049 ‚
775 2982 858 3033 su
909 2954 1183 3033 erudito
1233 2954 1683 3030 continuador
1702 3012 1745 3047 ,.
1778 2982 1830 3056 y
1881 2953 1947 3030 el
1999 2954 2104 3030 Sr.
2142 2955 2341 3029 Mas·

566 3070 713 3148 deu
735 3129 756 3165 ,
803 3073 1138 3149 bastarian
1186 3099 1352 3173 para
1400 3072 1732 3149 acreditar
1766 3072 1833 3149 el
1869 3071 2196 3149 laudable
2231 3097 2347 3147 ar·

565 3192 694 3270 dor
727 3217 855 3270 con
882 3217 1022 3295 que
1058 3219 1128 3268 se
1164 3192 1424 3269 buscan
1451 3219 1503 3296 y
1531 3190 1858 3292 publican
1892 3211 2185 3294 quantos
2219 3189 2345 3265 do·

572 3331 932 3389 cumentos
973 3337 1094 3387 nos
1130 3308 1463 3388 interesan
1495 3311 1584 3386 de
1618 3310 1838 3413 algun
1871 3311 2103 3387 modo.

683 3431 783 3507 Es
835 3459 926 3511 no
976 3430 1288 3509 obstante
1350 3428 1716 3535 innegable
1764 3429 1835 3506 13
1887 3428 2154 3510 verdad
2198 3452 2346 3532 que
