2667 4200
1099 223 1212 307 49

839 407 1204 522 Taum
1280 447 1469 558 Vnt.

279 687 362 763 In
385 681 690 788 formam
723 681 968 760 Crucis
981 737 1005 774 ,
1041 681 1508 760 cirtumductis
1553 683 1743 760 lineis
1776 681 1827 762 a*
1841 691 2030 798 fim‘ss

392 805 518 880 bus
561 819 974 888 truncorum,
1013 823 1187 899 quae
1220 802 1761 904 quadrangulum
1795 810 1920 884 sub

605 920 747 997 alio
781 918 1249 1020 quadrangulo
1282 921 1710 998 constituunt.

397 1153 729 1234 Continet
759 1179 996 1232 versus
1038 1177 1077 1251 3
1092 1177 1169 1254 7.
1197 1153 1500 1275 ,quibus
1526 1155 1711 1232 vitae
1744 1176 1820 1234 et
1851 1163 2033 1238 necis

274 1277 330 1367 J
330 1301 488 1351 esu
458 1273 756 1354 -Christi
807 1271 1072 1347 domini
1124 1273 1332 1347 nostri
1390 1247 1715 1374 mysteria
1769 1304 2033 1376 prosse-

277 1393 538 1495 quitur.
603 1390 938 1484 Quorum
992 1389 1218 1488 prior,
1251 1390 1443 1466 idem
1487 1411 1564 1468 et
1604 1393 1919 1486 medius,
1964 1415 2037 1472 et

274 1510 563 1586 ultimus
619 1528 726 1584 est
747 1564 767 1599 ‚
824 1533 1241 1609 crucemque
1296 1508 1526 1585 efficit.
1603 1511 1877 1588 Positus
1930 1534 2036 1590 est

275 1629 461 1704 euim
522 1628 596 1702 in
659 1627 871 1702 latere
935 1625 1297 1723 superiori,
1344 1645 1415 1700 et
1475 1625 1779 1702 inferiori·
1830 1649 1904 1705 et
1962 1631 2037 1706 in
2143 1654 2147 1661 ·

276 1745 552 1836 medio,
585 1745 658 1819 in
710 1744 932 1820 fronte
963 1741 1239 1818 etiam.
1290 1742 1387 1816 ita
1430 1762 1517 1816 ut
1558 1769 1797 1819 versus
1844 1746 2036 1822 idem

273 1863 686 1938 acrostichus
717 1862 850 1952 sit,
891 1887 973 1938 ac
1019 1880 1238 1938 totam
1283 1885 1557 1937 crucem
1599 1862 1903 1967 effingat.
1960 1866 2031 1943 Is

273 1994 515 2058 autem
549 1981 642 2056 sic
675 1981 918 2054 habet.
1025 2002 1032 2006 ·

275 2163 635 2241 AEtissr’me
702 2186 901 2237 servo
968 2172 1080 2233 tuo
1145 2160 1358 2235 salva
1425 2158 1837 2265 Redemptor
1900 2164 2031 2241 V?-

436 2282 619 2381 gila.

397 2422 840 2527 Acrostichae
871 2468 1107 2526 autem
1141 2448 1371 2525 finales
1404 2447 1498 2523 sic
1531 2442 1830 2527 habent:

276 2632 640 2710 Altissime
683 2658 882 2707 servo
934 2645 1045 2705 tuo
1092 2631 1467 2723 sarracino
1512 2631 1745 2707 Criste
1793 2636 2027 2713 salva.

394 2804 652 2881 Lineae
713 2802 1222 2879 circumductae
1281 2801 1375 2876 sic
1434 2794 1734 2879 habentz
1806 2827 1838 2878 1
1858 2808 1909 2879 ‚⁸
1930 2796 2034 2879 *etl

285 2927 395 2996 2?
439 2920 823 3020 incipiendo
878 2919 919 2994 ὲ
973 2919 1215 2994 media·
1256 2918 1469 3009 litera„
1500 2945 1737 2995 versus
1798 2921 2035 3020 prioris

274 3034 473 3144 (que
521 3039 670 3115 sive
718 3039 763 3113 ὲ
813 3036 1145 3137 principio
1165 3093 1186 3128 ,
1231 3038 1375 3111 sive
1429 3035 1470 3110 ὲ
1525 3037 1657 3111 fine
1718 3064 2035 3115 numeres

291 3178 324 3230 1
345 3160 455 3257 9.ει
490 3178 590 3232 est
623 3149 916 3259 ordine)
949 3153 1160 3229 ducta
1192 3153 1375 3228 linea
1412 3154 1743 3229 sinistram
1776 3183 2036 3246 versus,

273 3300 497 3375 usque
543 3274 636 3349 ad
691 3297 723 3348 1
743 3274 848 3347 ‚⁸¹¹²
874 3273 1142 3347 literam
1197 3272 1507 3346 carminis
1568 3296 1598 3346 1
1620 3262 1717 3372 9.¹
1757 3291 1829 3347 et
1880 3272 2039 3346 inde

273 3390 756 3497 descendendo
799 3416 1022 3495 usque
1073 3390 1164 3463 ad
1222 3413 1254 3464 1
1276 3413 1320 3489 9
1335 3392 1439 3464 3¹¹²
1484 3388 1753 3465 literam
1808 3388 2037 3465 ultimi

1515 3532 1569 3581 1>
