2667 4200
1379 233 1485 311 68

548 382 818 438 xxxm
822 411 957 433 ......
987 354 1227 467 Ejusd.
1278 354 1368 430 ad
1408 351 1738 430 Ylariiun
1782 350 2322 431 Narbonensem

1049 474 1374 578 Episcop.

549 616 809 674 xxxxv
813 645 956 669 ......
986 593 1206 693 Epist.
1258 587 1596 670 Celestini
1626 590 1860 691 Papae
1904 588 1995 664 ad
2026 587 2315 689 Episco-

1017 739 1141 811 pos
1177 708 1483 789 Galliae.

549 856 776 910 xxxv
782 885 948 908 .......
978 828 1218 938 Ejusd.
1253 827 1346 903 ad
1380 825 1675 901 eosdem.

548 974 804 1036 xxxvr
810 1001 949 1023 ......
978 948 1163 1022 Item
1191 944 1279 1020 ad
1305 944 1680 1044 Episcopos
1709 969 1837 1044 per
1861 942 2203 1045 Apuliam
2233 964 2313 1023 et
2445 965 2452 971 ’

1038 1062 1462 1141 Calabriam.

547 1207 961 1263 xxxv11.‘....
989 1181 1298 1284 Epistola
1332 1179 1582 1256 Leonis
1614 1181 1847 1281 Papae
1894 1178 1985 1255 ad
2016 1179 2305 1258 Flavia-

729 1371 736 1379 .
1043 1313 1214 1376 num
1242 1299 1766 1398 Constantinop.
1801 1298 2124 1399 Episcop.

543 1442 941 1499 xxxvm...
972 1419 1415 1497 Rescribtum
1462 1416 1781 1492 Flabiani
1814 1416 2304 1493 Constantino-

1031 1534 1317 1635 politani
1343 1534 1672 1634 Episcopi
1703 1534 1794 1610 ad
1824 1534 2136 1611 Leonem
2163 1537 2300 1611 Ur-

1042 1654 1147 1729 bis
1182 1657 1451 1732 Romae
1486 1654 1770 1752 Papam.

538 1779 799 1851 xxxlx
804 1827 938 1849 ......
968 1772 1220 1849 Leonis
1268 1770 1708 1846 Rescribtum
1752 1770 1843 1844 ad
1888 1768 2303 1847 Flabianum

1029 1890 1353 1989 Episcop.
1408 1907 1639 1963 contra
1695 1886 2032 1964 Euticetis
2092 1888 2297 1990 perfi-

1032 2006 1240 2083 diam.

533 2142 638 2203 Χῖ.
646 2178 938 2203 ............
967 2126 1186 2228 Epist.
1236 2125 1429 2201 Petri
1488 2126 1813 2225 Episcopi
1873 2125 2293 2203 Ravanensis

1027 2244 1115 2318 ad
1152 2241 1547 2319 Euticetem
1582 2245 2103 2345 Presbyterum.

529 2384 670 2437 xm
674 2414 932 2437 ...........
959 2360 1179 2462 Epist.
1236 2362 1470 2461 Papae
1525 2360 1775 2437 Leonis
1836 2360 1927 2436 ad
1988 2360 2289 2439 Efesiam

1028 2480 1416 2582 Synodum.

529 2617 704 2671 xtn
709 2650 927 2674 .........
955 2597 1209 2674 Leonis
1252 2599 1489 2696 Papae
1536 2594 1844 2697 Epistola
1883 2595 1972 2671 ad
2007 2595 2287 2673 Teodo-

1030 2714 1211 2790 sium
1238 2718 1304 2788 A
1312 2735 1621 2817 gustum.

527 2852 736 2907 me
740 2884 925 2907 ........
954 2831 1140 2907 Item
1182 2831 1435 2907 Leonis
1482 2834 1716 2934 Papae
1764 2830 1856 2908 ad
1902 2831 2293 2909 Pulceriam

1031 2951 1402 3054 Agustam.

527 3085 725 3144 xmv
729 3120 923 3142 ........
951 3068 1137 3144 Item
1183 3068 1437 3145 Leonis
1486 3069 1718 3168 Papae
1758 3070 1850 3144 ad
1895 3068 2296 3145 Pulceriam*

1021 3189 1372 3291 Agustam
1398 3245 1419 3279 ,
1453 3187 1640 3261 unde
1675 3214 1901 3285 supra.

523 3323 688 3398 xtv
693 3357 932 3381 ..........
960 3303 1147 3379 Item
1185 3304 1438 3380 Leonis
1473 3305 1886 3380 exortatoria
1931 3305 2020 3381 ad
2052 3302 2292 3379 Martie

1018 3449 1190 3499 num
1212 3478 1236 3513 ,
1273 3444 1349 3501 et
1380 3422 1729 3501 Faustum
1761 3425 2230 3528 Presbyteres.
