<?xml version="1.0" encoding="UTF-8"?>
<!DOCTYPE html PUBLIC "-//W3C//DTD XHTML 1.0 Transitional//EN"
    "http://www.w3.org/TR/xhtml1/DTD/xhtml1-transitional.dtd">
<html xmlns="http://www.w3.org/1999/xhtml" xml:lang="en" lang="en">
 <head>
  <title>
</title>
<meta http-equiv="Content-Type" content="text/html;charset=utf-8" />
  <meta name='ocr-system' content='tesseract 3.04.00' />
  <meta name='ocr-capabilities' content='ocr_page ocr_carea ocr_par ocr_line ocrx_word'/>
</head>
<body>
  <div class='ocr_page' id='page_1' title='image "./noticiadelasant00peregoog/noticiadelasant00peregoog_0035.png"; bbox 0 0 2667 4200; ppageno 0'>
   <div class='ocr_carea' id='block_1_1' title="bbox 403 254 2383 3491">
    <p class='ocr_par' dir='ltr' id='par_1_1' title="bbox 1264 254 1540 312">
     <span class='ocr_line' id='line_1_1' title="bbox 1264 254 1540 312; baseline -0.007 -4"><span class='ocrx_word' id='word_1_1' title='bbox 1264 254 1540 312; x_wconf 76' lang='lat' dir='ltr'>XXVIII</span> 
     </span>
    </p>

    <p class='ocr_par' dir='ltr' id='par_1_2' title="bbox 490 341 2291 1627">
     <span class='ocr_line' id='line_1_2' title="bbox 521 341 2291 485; baseline 0.001 -41"><span class='ocrx_word' id='word_1_2' title='bbox 521 341 1071 477; x_wconf 82' lang='lat' dir='ltr'><em>confirmare</em></span> <span class='ocrx_word' id='word_1_3' title='bbox 1101 424 1131 463; x_wconf 92' lang='lat'><em>,</em></span> <span class='ocrx_word' id='word_1_4' title='bbox 1187 381 1304 446; x_wconf 89' lang='lat' dir='ltr'><em>ac</em></span> <span class='ocrx_word' id='word_1_5' title='bbox 1360 342 1836 485; x_wconf 77' lang='lat' dir='ltr'><em>defendere</em></span> <span class='ocrx_word' id='word_1_6' title='bbox 1864 424 1897 462; x_wconf 89' lang='lat'><em>,</em></span> <span class='ocrx_word' id='word_1_7' title='bbox 1914 419 1923 428; x_wconf 78' lang='lat'>-</span> <span class='ocrx_word' id='word_1_8' title='bbox 1942 367 2063 444; x_wconf 87' lang='lat' dir='ltr'><em>-ut</em></span> <span class='ocrx_word' id='word_1_9' title='bbox 2114 378 2291 464; x_wconf 49' lang='lat' dir='ltr'><em>‘ve-5</em></span> 
     </span>
     <span class='ocr_line' id='line_1_3' title="bbox 523 489 2291 614; baseline 0.003 -30"><span class='ocrx_word' id='word_1_10' title='bbox 523 489 666 598; x_wconf 86' lang='lat' dir='ltr'><em>lut</em></span> <span class='ocrx_word' id='word_1_11' title='bbox 737 491 1109 588; x_wconf 85' lang='lat' dir='ltr'><em>strenui</em></span> <span class='ocrx_word' id='word_1_12' title='bbox 1159 524 1503 600; x_wconf 82' lang='lat' dir='ltr'><em>sacrae</em></span> <span class='ocrx_word' id='word_1_13' title='bbox 1558 491 1938 614; x_wconf 82' lang='lat' dir='ltr'><em>militiae</em></span> <span class='ocrx_word' id='word_1_14' title='bbox 2004 509 2291 589; x_wconf 78' lang='lat' dir='ltr'><em>asse-&#39;</em></span> 
     </span>
     <span class='ocr_line' id='line_1_4' title="bbox 522 630 2273 761; baseline 0.002 -33"><span class='ocrx_word' id='word_1_15' title='bbox 522 631 776 749; x_wconf 85' lang='lat' dir='ltr'><em>clae,</em></span> <span class='ocrx_word' id='word_1_16' title='bbox 820 633 1402 732; x_wconf 70' lang='lat' dir='ltr'><em>invictmimi</em></span> <span class='ocrx_word' id='word_1_17' title='bbox 1436 631 1802 732; x_wconf 83' lang='lat' dir='ltr'><em>Christi</em></span> <span class='ocrx_word' id='word_1_18' title='bbox 1824 630 2273 761; x_wconf 80' lang='lat' dir='ltr'><em>athletae,</em></span> 
     </span>
     <span class='ocr_line' id='line_1_5' title="bbox 524 776 2274 902; baseline 0.001 -30"><span class='ocrx_word' id='word_1_19' title='bbox 524 776 687 872; x_wconf 82' lang='lat' dir='ltr'><em>vel</em></span> <span class='ocrx_word' id='word_1_20' title='bbox 729 801 1158 876; x_wconf 79' lang='lat' dir='ltr'><em>errorum</em></span> <span class='ocrx_word' id='word_1_21' title='bbox 1206 802 1635 902; x_wconf 84' lang='lat' dir='ltr'><em>monstra</em></span> <span class='ocrx_word' id='word_1_22' title='bbox 1679 776 2274 892; x_wconf 81' lang='lat' dir='ltr'><em>debellarent</em></span> 
     </span>
     <span class='ocr_line' id='line_1_6' title="bbox 490 900 2289 1057; baseline 0.002 -44"><span class='ocrx_word' id='word_1_23' title='bbox 490 900 1098 1055; x_wconf 82' lang='lat' dir='ltr'><em>ferinamque</em></span> <span class='ocrx_word' id='word_1_24' title='bbox 1135 943 1753 1057; x_wconf 83' lang='lat' dir='ltr'><em>tyrannorum</em></span> <span class='ocrx_word' id='word_1_25' title='bbox 1791 920 2231 1018; x_wconf 82' lang='lat' dir='ltr'><em>rabiem</em></span> <span class='ocrx_word' id='word_1_26' title='bbox 2187 955 2289 1032; x_wconf 67' lang='lat' dir='ltr'><em>m,</em></span> 
     </span>
     <span class='ocr_line' id='line_1_7' title="bbox 529 1060 2277 1162; baseline 0.003 -6"><span class='ocrx_word' id='word_1_27' title='bbox 529 1060 831 1158; x_wconf 85' lang='lat' dir='ltr'><em>ovium</em></span> <span class='ocrx_word' id='word_1_28' title='bbox 928 1063 1713 1162; x_wconf 82' lang='lat' dir='ltr'><em>mansuetudinem</em></span> <span class='ocrx_word' id='word_1_29' title='bbox 1814 1087 2277 1162; x_wconf 58' lang='lat' dir='ltr'><em>converte·-⁸</em></span> 
     </span>
     <span class='ocr_line' id='line_1_8' title="bbox 529 1205 2279 1342; baseline 0.003 -43"><span class='ocrx_word' id='word_1_30' title='bbox 529 1227 809 1320; x_wconf 80' lang='lat' dir='ltr'><em>rent,</em></span> <span class='ocrx_word' id='word_1_31' title='bbox 881 1207 1044 1303; x_wconf 81' lang='lat' dir='ltr'><em>vel</em></span> <span class='ocrx_word' id='word_1_32' title='bbox 1119 1205 1371 1304; x_wconf 85' lang='lat' dir='ltr'><em>certe</em></span> <span class='ocrx_word' id='word_1_33' title='bbox 1438 1207 1530 1304; x_wconf 85' lang='lat' dir='ltr'><em>in</em></span> <span class='ocrx_word' id='word_1_34' title='bbox 1594 1228 1799 1303; x_wconf 87' lang='lat' dir='ltr'><em>tam</em></span> <span class='ocrx_word' id='word_1_35' title='bbox 1860 1206 2279 1342; x_wconf 83' lang='lat' dir='ltr'><em>glorioso</em></span> 
     </span>
     <span class='ocr_line' id='line_1_9' title="bbox 527 1348 2287 1488; baseline 0.001 -44"><span class='ocrx_word' id='word_1_36' title='bbox 527 1379 829 1484; x_wconf 82' lang='lat' dir='ltr'><em>agone</em></span> <span class='ocrx_word' id='word_1_37' title='bbox 849 1423 881 1464; x_wconf 90' lang='lat'><em>,</em></span> <span class='ocrx_word' id='word_1_38' title='bbox 949 1351 1252 1447; x_wconf 85' lang='lat' dir='ltr'><em>vitam</em></span> <span class='ocrx_word' id='word_1_39' title='bbox 1329 1374 1417 1446; x_wconf 87' lang='lat' dir='ltr'><em>et</em></span> <span class='ocrx_word' id='word_1_40' title='bbox 1491 1348 2037 1488; x_wconf 80' lang='lat' dir='ltr'><em>sanguinem</em></span> <span class='ocrx_word' id='word_1_41' title='bbox 2088 1380 2287 1482; x_wconf 90' lang='lat' dir='ltr'><em>pro</em></span> 
     </span>
     <span class='ocr_line' id='line_1_10' title="bbox 529 1485 2278 1627; baseline 0.001 -41"><span class='ocrx_word' id='word_1_42' title='bbox 529 1487 896 1588; x_wconf 76' lang='lat' dir='ltr'><em>Christe</em></span> <span class='ocrx_word' id='word_1_43' title='bbox 931 1493 1274 1590; x_wconf 87' lang='lat' dir='ltr'><em>nomine</em></span> <span class='ocrx_word' id='word_1_44' title='bbox 1314 1485 1892 1627; x_wconf 82' lang='lat' dir='ltr'><em>profundere</em></span> <span class='ocrx_word' id='word_1_45' title='bbox 1943 1492 2278 1588; x_wconf 86' lang='lat' dir='ltr'><em>liceret.</em></span> 
     </span>
    </p>

    <p class='ocr_par' dir='ltr' id='par_1_3' title="bbox 532 1631 2289 2200">
     <span class='ocr_line' id='line_1_11' title="bbox 651 1631 2286 1750; baseline 0.001 -20.014"><span class='ocrx_word' id='word_1_46' title='bbox 651 1631 1010 1731; x_wconf 83' lang='lat' dir='ltr'><em>Huius</em></span> <span class='ocrx_word' id='word_1_47' title='bbox 1060 1635 1210 1732; x_wconf 88' lang='lat' dir='ltr'><em>rei</em></span> <span class='ocrx_word' id='word_1_48' title='bbox 1246 1659 1451 1732; x_wconf 88' lang='lat' dir='ltr'><em>tam</em></span> <span class='ocrx_word' id='word_1_49' title='bbox 1500 1635 1911 1732; x_wconf 79' lang='lat' dir='ltr'><em>omnibus</em></span> <span class='ocrx_word' id='word_1_50' title='bbox 1968 1656 2286 1750; x_wconf 85' lang='lat' dir='ltr'><em>notae,</em></span> 
     </span>
     <span class='ocr_line' id='line_1_12' title="bbox 532 1777 2289 1913; baseline 0 -41"><span class='ocrx_word' id='word_1_51' title='bbox 532 1799 622 1872; x_wconf 88' lang='lat' dir='ltr'><em>et</em></span> <span class='ocrx_word' id='word_1_52' title='bbox 670 1779 1228 1913; x_wconf 79' lang='lat' dir='ltr'><em>perspicuae</em></span> <span class='ocrx_word' id='word_1_53' title='bbox 1294 1800 1579 1875; x_wconf 83' lang='lat' dir='ltr'><em>testes</em></span> <span class='ocrx_word' id='word_1_54' title='bbox 1630 1777 2005 1892; x_wconf 18' lang='lat' dir='ltr'><em>&#39;advoco</em></span> <span class='ocrx_word' id='word_1_55' title='bbox 2089 1807 2289 1910; x_wconf 49' lang='lat' dir='ltr'><em>sep-1</em></span> 
     </span>
     <span class='ocr_line' id='line_1_13' title="bbox 535 1919 2285 2034; baseline -0.001 -20"><span class='ocrx_word' id='word_1_56' title='bbox 535 1941 715 2016; x_wconf 87' lang='lat' dir='ltr'><em>tem</em></span> <span class='ocrx_word' id='word_1_57' title='bbox 755 1919 973 2034; x_wconf 64' lang='lat' dir='ltr'><em>„illa</em></span> <span class='ocrx_word' id='word_1_58' title='bbox 1047 1919 1625 2018; x_wconf 83' lang='lat' dir='ltr'><em>candelabra</em></span> <span class='ocrx_word' id='word_1_59' title='bbox 1698 1953 2005 2018; x_wconf 88' lang='lat' dir='ltr'><em>aurea</em></span> <span class='ocrx_word' id='word_1_60' title='bbox 2025 1994 2055 2033; x_wconf 93' lang='lat'><em>,</em></span> <span class='ocrx_word' id='word_1_61' title='bbox 2139 1921 2285 2014; x_wconf 89' lang='lat' dir='ltr'><em>lu-</em></span> 
     </span>
     <span class='ocr_line' id='line_1_14' title="bbox 534 2058 2286 2200; baseline 0.001 -42"><span class='ocrx_word' id='word_1_62' title='bbox 534 2062 831 2169; x_wconf 77' lang='lat' dir='ltr'><em>centia</em></span> <span class='ocrx_word' id='word_1_63' title='bbox 903 2086 1119 2162; x_wconf 88' lang='lat' dir='ltr'><em>ante</em></span> <span class='ocrx_word' id='word_1_64' title='bbox 1173 2061 1788 2181; x_wconf 88' lang='lat' dir='ltr'><em>Dominum,</em></span> <span class='ocrx_word' id='word_1_65' title='bbox 1840 2058 2286 2200; x_wconf 79' lang='lat' dir='ltr'><em>fortissi-</em></span> 
     </span>
    </p>

    <p class='ocr_par' dir='ltr' id='par_1_4' title="bbox 403 2205 2383 3491">
     <span class='ocr_line' id='line_1_15' title="bbox 535 2205 2291 2345; baseline 0 -43"><span class='ocrx_word' id='word_1_66' title='bbox 535 2238 734 2302; x_wconf 85' lang='lat' dir='ltr'><em>mos</em></span> <span class='ocrx_word' id='word_1_67' title='bbox 778 2205 968 2303; x_wconf 83' lang='lat' dir='ltr'><em>dico</em></span> <span class='ocrx_word' id='word_1_68' title='bbox 1005 2208 1582 2345; x_wconf 65' lang='lat' dir='ltr'><em>Martyres,</em></span> <span class='ocrx_word' id='word_1_69' title='bbox 1632 2205 2291 2304; x_wconf 79' lang='lat' dir='ltr'><em>Sanctisszmos</em></span> 
     </span>
     <span class='ocr_line' id='line_1_16' title="bbox 403 2341 2291 2483; baseline 0.001 -40"><span class='ocrx_word' id='word_1_70' title='bbox 403 2343 412 2353; x_wconf 76' lang='grc'><em>’</em></span> <span class='ocrx_word' id='word_1_71' title='bbox 537 2341 1123 2483; x_wconf 76' lang='lat' dir='ltr'><em>Confessores</em></span> <span class='ocrx_word' id='word_1_72' title='bbox 1179 2350 1270 2447; x_wconf 86' lang='lat' dir='ltr'><em>in</em></span> <span class='ocrx_word' id='word_1_73' title='bbox 1326 2351 1533 2449; x_wconf 89' lang='lat' dir='ltr'><em>aed</em></span> <span class='ocrx_word' id='word_1_74' title='bbox 1494 2349 2041 2481; x_wconf 71' lang='lat' dir='ltr'><em>ficationem</em></span> <span class='ocrx_word' id='word_1_75' title='bbox 2091 2382 2291 2445; x_wconf 87' lang='lat' dir='ltr'><em>cor-</em></span> 
     </span>
     <span class='ocr_line' id='line_1_17' title="bbox 513 2491 2383 2627; baseline -0.002 -38"><span class='ocrx_word' id='word_1_76' title='bbox 513 2491 792 2625; x_wconf 84' lang='lat' dir='ltr'><em>poris</em></span> <span class='ocrx_word' id='word_1_77' title='bbox 857 2491 1222 2591; x_wconf 82' lang='lat' dir='ltr'><em>Christi</em></span> <span class='ocrx_word' id='word_1_78' title='bbox 1268 2494 1361 2589; x_wconf 89' lang='lat' dir='ltr'><em>in</em></span> <span class='ocrx_word' id='word_1_79' title='bbox 1417 2494 2008 2627; x_wconf 67' lang='lat' dir='ltr'><em>,Hispaniam</em></span> <span class='ocrx_word' id='word_1_80' title='bbox 2068 2491 2291 2587; x_wconf 86' lang='lat' dir='ltr'><em>mis-</em></span> <span class='ocrx_word' id='word_1_81' title='bbox 2376 2611 2383 2617; x_wconf 14' lang='grc' dir='ltr'>ν</span> 
     </span>
     <span class='ocr_line' id='line_1_18' title="bbox 539 2633 2292 2771; baseline -0.001 -39"><span class='ocrx_word' id='word_1_82' title='bbox 539 2669 761 2750; x_wconf 74' lang='lat' dir='ltr'><em>sos,</em></span> <span class='ocrx_word' id='word_1_83' title='bbox 814 2633 1497 2770; x_wconf 83' lang='lat' dir='ltr'><em>Apostolorum</em></span> <span class='ocrx_word' id='word_1_84' title='bbox 1540 2634 2100 2771; x_wconf 71' lang='lat' dir='ltr'><em>Disczpulos</em></span> <span class='ocrx_word' id='word_1_85' title='bbox 2124 2710 2154 2749; x_wconf 92' lang='lat'><em>,</em></span> <span class='ocrx_word' id='word_1_86' title='bbox 2203 2657 2292 2731; x_wconf 87' lang='lat' dir='ltr'><em>et</em></span> 
     </span>
     <span class='ocr_line' id='line_1_19' title="bbox 539 2777 2353 2915; baseline -0.002 -40"><span class='ocrx_word' id='word_1_87' title='bbox 539 2812 1184 2878; x_wconf 81' lang='lat' dir='ltr'><em>successores·</em></span> <span class='ocrx_word' id='word_1_88' title='bbox 1146 2849 1178 2890; x_wconf 90' lang='lat'><em>,</em></span> <span class='ocrx_word' id='word_1_89' title='bbox 1267 2778 1904 2915; x_wconf 85' lang='lat' dir='ltr'><em>Torquatum,</em></span> <span class='ocrx_word' id='word_1_90' title='bbox 1998 2777 2287 2874; x_wconf 85' lang='lat' dir='ltr'><em>Ctesi·</em></span> <span class='ocrx_word' id='word_1_91' title='bbox 2341 2869 2353 2881; x_wconf 75' lang='grc'>,</span> 
     </span>
     <span class='ocr_line' id='line_1_20' title="bbox 516 2917 2289 3055; baseline -0.001 -38"><span class='ocrx_word' id='word_1_92' title='bbox 516 2919 960 3055; x_wconf 88' lang='lat' dir='ltr'><em>phontem</em></span> <span class='ocrx_word' id='word_1_93' title='bbox 981 2998 1014 3040; x_wconf 93' lang='lat'><em>,</em></span> <span class='ocrx_word' id='word_1_94' title='bbox 1059 2908 1637 3045; x_wconf 74' lang='lat' dir='ltr'><em>Secundum,</em></span> <span class='ocrx_word' id='word_1_95' title='bbox 1689 2917 2289 3037; x_wconf 85' lang='lat' dir='ltr'><em>Indaletium,</em></span> 
     </span>
     <span class='ocr_line' id='line_1_21' title="bbox 541 3060 2296 3197; baseline -0.003 -34"><span class='ocrx_word' id='word_1_96' title='bbox 541 3065 1015 3183; x_wconf 86' lang='lat' dir='ltr'><em>Cecilium,</em></span> <span class='ocrx_word' id='word_1_97' title='bbox 1071 3064 1174 3163; x_wconf 93' lang='lat' dir='ltr'><em>E</em></span> <span class='ocrx_word' id='word_1_98' title='bbox 1175 3064 1636 3182; x_wconf 78' lang='lat' dir='ltr'><em>xzchzum</em></span> <span class='ocrx_word' id='word_1_99' title='bbox 1702 3090 1789 3163; x_wconf 89' lang='lat' dir='ltr'><em>et</em></span> <span class='ocrx_word' id='word_1_100' title='bbox 1839 3062 1943 3159; x_wconf 89' lang='lat' dir='ltr'><em>E</em></span> <span class='ocrx_word' id='word_1_101' title='bbox 1944 3060 2296 3197; x_wconf 87' lang='lat' dir='ltr'><em>uphra-</em></span> 
     </span>
     <span class='ocr_line' id='line_1_22' title="bbox 542 3186 2297 3345; baseline -0.003 -40"><span class='ocrx_word' id='word_1_102' title='bbox 542 3186 781 3308; x_wconf 54' lang='lat' dir='ltr'><em>oium</em></span> <span class='ocrx_word' id='word_1_103' title='bbox 834 3287 866 3325; x_wconf 92' lang='lat'><em>,</em></span> <span class='ocrx_word' id='word_1_104' title='bbox 960 3209 1131 3345; x_wconf 85' lang='lat' dir='ltr'><em>qui</em></span> <span class='ocrx_word' id='word_1_105' title='bbox 1197 3209 1507 3345; x_wconf 88' lang='lat' dir='ltr'><em>primi</em></span> <span class='ocrx_word' id='word_1_106' title='bbox 1597 3206 1991 3305; x_wconf 89' lang='lat' dir='ltr'><em>omnium</em></span> <span class='ocrx_word' id='word_1_107' title='bbox 2064 3226 2297 3339; x_wconf 83' lang='lat' dir='ltr'><em>post</em></span> 
     </span>
     <span class='ocr_line' id='line_1_23' title="bbox 541 3347 2298 3491; baseline -0.003 -41"><span class='ocrx_word' id='word_1_108' title='bbox 541 3350 1024 3491; x_wconf 82' lang='lat' dir='ltr'><em>Magnum</em></span> <span class='ocrx_word' id='word_1_109' title='bbox 1139 3351 1595 3461; x_wconf 84' lang='lat' dir='ltr'><em>Jacobum</em></span> <span class='ocrx_word' id='word_1_110' title='bbox 1709 3347 2298 3487; x_wconf 76' lang='lat' dir='ltr'><em>IIispamam</em></span> 
     </span>
    </p>
   </div>
  </div>
 </body>
</html>
