2667 4200
615 357 850 410 versus
885 322 1112 434 (quae
1145 325 1358 403 etiam
1390 227 1796 432 esstcinedia)
1830 323 1964 402 hoc
1996 321 2191 400 nobis
2223 350 2384 427 pro·

617 449 888 524 ferunt·

614 630 864 713 Annae
909 624 1274 705 Sarracino
1291 652 1315 700 .-
1356 637 1421 700 ετ
1466 639 1630 713 tua,
1678 625 1852 701 alme
1898 623 2104 700 Deus
2124 677 2150 712 ,
2193 625 2377 700 dona

665 764 676 771 ²
775 746 1056 850 gratia.
1116 835 1120 839 ῃ

754 943 828 1016 3.
830 922 862 958 ⁸
887 919 1074 994 Item
1106 943 1186 991 ac
1225 918 1333 1012 4.
1368 943 1411 990 a
1457 935 1582 1016 19.
1583 915 1618 956 ²
1648 913 1845 992 litera
1878 936 2115 990 versus
2164 937 2231 989 1.
2232 903 2377 990 ¹ad

612 1037 966 1113 dexteram
1027 1027 1502 1110 descendendo
1562 1056 1593 1108 1
1615 1058 1688 1133 9.
1745 1032 1937 1107 lineis
1996 1059 2222 1135 usque
2282 1033 2375 1110 ad

614 1153 891 1232 finalem
941 1152 1211 1229 literam
1260 1179 1497 1230 versus
1543 1150 1785 1227 itidem
1832 1172 1863 1224 1
1884 1174 1957 1249 9.
1962 1139 2093 1225 ¹et
2137 1150 2374 1245 medii,

615 1273 920 1373 indeque
953 1271 1284 1346 sinistram
1312 1297 1553 1347 versus
1576 1267 2001 1350 deflectendo
2025 1295 2248 1370 usque
2284 1269 2376 1344 ad

629 1415 663 1468 1
685 1393 850 1489 93¹³
881 1389 1156 1464 literam·
1195 1389 1428 1466 ultimi
1464 1415 1693 1465 versus
1708 1446 1729 1479 ,
1770 1387 1895 1462 ubi
1947 1401 2025 1462 et
2062 1387 2377 1488 reliquae

618 1508 843 1614 lineae
872 1507 1224 1582 desierunt
1239 1565 1260 1600 ,
1292 1533 1567 1583 carmen
1596 1509 1730 1582 hoc
1764 1505 2229 1590 constituunt:

620 1690 893 1768 Auctor
917 1690 1123 1801 'svitae
1135 1742 1161 1777 ,
1198 1714 1401 1765 servo
1433 1701 1743 1794 praesta
1782 1701 1894 1761 tuo
1928 1687 2371 1789 indulgentia.

731 1862 982 1962 Itaque
1027 1859 1224 1936 litera
1257 1861 1330 1934 A
1364 1858 1582 1958 prima
1629 1877 1765 1950 est,
1808 1859 2038 1936 media
2084 1878 2160 1935 et
2200 1858 2372 1934 fina-

612 1975 695 2051 lis
757 2003 959 2074 saepe
1018 1976 1290 2074 repetiti
1342 2004 1574 2052 versus
1608 2005 1625 2050 :
1682 1977 2061 2080 noviesque
2112 1978 2371 2079 repeti·

611 2114 683 2171 ta
704 2152 726 2188 ‚
758 2115 1138 2197 utrumque
1164 2094 1725 2199 quadrangulum
1742 2153 1762 2188 ,
1788 2116 1863 2171 et
1886 2122 2161 2171 crucem
2195 2122 2373 2198 qua·-

607 2213 915 2315 eumque
941 2212 1230 2288 *claudit
1283 2240 1372 2288 ex
1424 2233 1617 2313 parte
1642 2270 1662 2303 ,
1708 2213 2129 2315 mediatque.
2201 2216 2370 2289 Nec

607 2330 1069 2428 spernendum
1096 2356 1335 2406 censeo
1368 2331 1756 2413 interiorem
1782 2331 2367 2433 quadrangulum,

611 2473 825 2549 quem
871 2474 960 2523 ex
1014 2448 1206 2524 lineis
1260 2449 1742 2527 circumductis
1790 2450 1965 2525 effici
2010 2449 2199 2523 dixi:
2242 2449 2369 2550 qui

610 2566 929 2668 quamvis
963 2596 1013 2641 ω
1046 2566 1316 2641 literam
1351 2594 1485 2642 non
1517 2566 1799 2657 referat,
1827 2566 2034 2642 refert
2066 2586 2295 2641 tamen
2331 2600 2366 2643 ο

611 2684 890 2757 micton.
948 2684 1059 2757 Ita
1081 2738 1101 2771 ,
1137 2703 1221 2758 u't
1254 2685 1482 2760 dicere
1519 2712 1871 2782 possemus
1904 2711 2153 2759 nomen
2184 2681 2368 2759 illud

611 2798 758 2873 Dei
805 2799 1219 2876 adumbrari.
1271 2834 1324 2879 α,
1368 2821 1439 2876 et
1486 2832 1535 2877 ω
1559 2857 1580 2891 ,
1617 2824 1700 2880 ut
1734 2801 1957 2906 vulgo
2001 2801 2365 2902 profertur.

610 2919 852 3019 Alpha
881 2935 946 2993 et
979 2951 1010 2995 ο
1035 2947 1057 2992 .·
1091 2921 1245 2996 licet
1277 2921 1489 3025 aspha
1524 2936 1593 2997 et
1624 2932 1852 3024 omega
1884 2920 2377 3019 proferendum

613 3055 808 3111 esset.

727 3155 1060 3229 Notanda
1107 3176 1266 3231 sunt
1311 3159 1485 3232 haec
1518 3183 1952 3256 summopere
1982 3157 2077 3231 ob
2113 3156 2180 3229 in
2185 3141 2374 3257 geni-i

611 3297 904 3346 acumen
922 3329 940 3361 ,
971 3258 1120 3373 quo¹
1146 3275 1539 3377 excogitata
1572 3295 1749 3351 sunt.
1786 3274 2074 3367 Quibus
2108 3292 2181 3348 et
2210 3271 2375 3369 plu-

608 3412 682 3465 ra
715 3388 848 3464 alia
879 3390 1208 3492 mysteria
1239 3392 1456 3469 inesse
1485 3394 1785 3494 suspicor
1808 3422 1839 3473 z.
1857 3420 2036 3495 quae
2069 3389 2379 3491 pruden«
