2667 4200
1360 252 1391 306 1
1415 253 1454 304 2
1469 253 1516 303 0

552 367 788 439 xxm.
796 400 909 422 .....
938 344 1061 423 De
1094 343 1371 422 illorum
1404 371 1630 447 poena
1663 343 1788 447 qui
1819 339 2316 441 poenitentiam

1018 465 1504 562 repudiarunt,
1539 485 1614 538 et
1645 461 2060 551 castitatem,
2095 487 2314 562 quam

1022 602 1183 656 sunt
1215 581 1530 682 professi,
1560 580 1839 656 minime
1874 599 2253 656 servarunt.

788 817 1197 894 INCIPIT
1256 819 1557 895 LIBER
1614 815 2072 894 TERTIUS.

556 1053 682 1126 De
714 1052 1251 1129 Institutionibus
1286 1054 1737 1142 Judiciorum,
1779 1067 1850 1128 et
1879 1053 2306 1156 gubernacu-

1248 1173 1335 1246 lis
1375 1197 1623 1248 rerum.

1118 1378 1441 1430 TITULUS
1498 1377 1749 1428 PRIOR.

563 1575 909 1598 ...............
939 1522 1062 1599 De
1108 1523 1442 1626 regimine
1497 1549 1579 1598 ac
1625 1524 1714 1598 de
1775 1526 1978 1600 rebus
2027 1520 2316 1599 sollicite

1024 1640 1586 1716 administrandis.

558 1781 627 1831 11
645 1812 899 1832 ...........
925 1759 1048 1834 De
1108 1758 1315 1833 literis
1350 1755 1705 1860 firmatae
1753 1757 1950 1834 dictis
1971 1815 1993 1848 ,
2045 1784 2170 1833 seu
2222 1756 2316 1832 de

1021 1874 1231 1949 literis
1265 1875 1852 1950 commendatitiis.

557 2017 659 2064 111
665 2045 898 2067 ..........
926 1992 1099 2084 Qua
1134 1991 1391 2066 ratione
1426 1991 1720 2066 Diaconi
1753 1991 2275 2091 proficiscantur.

556 2133 647 2185 ιν
652 2164 903 2184 ...........
932 2108 1262 2204 Qualiter
1328 2111 1720 2213 Presbyteri
1750 2166 1774 2201 ,
1847 2130 1922 2187 et
1987 2108 2316 2211 Episcopi

1022 2229 1254 2302 abesse
1285 2227 1562 2360 possint.

556 2368 616 2420 v
620 2396 900 2420 ............
926 2343 1103 2419 De
1084 2344 1163 2419 1is
1196 2344 1323 2446 qui
1357 2344 1398 2419 a
1433 2370 1712 2420 suorum
1747 2346 2084 2453 majorum
2103 2362 2313 2421 coetu

1021 2461 1420 2559 pervicaces.
1437 2462 1766 2538 recedunt
1786 2518 1806 2553 ,
1842 2461 1966 2537 ubi
1998 2463 2088 2537 de
2125 2487 2318 2537 cons-

1018 2579 1370 2679 pirationis
1403 2579 1820 2654 auctoribus.

555 2720 649 2771 vr
668 2747 910 2772 ..........
936 2697 1063 2772 De
1117 2697 1537 2800 Presbyteris
1593 2695 2044 2779 delatoribus;
2082 2695 2153 2769 id
2204 2713 2310 2771 est

1024 2814 1147 2915 qui
1168 2811 1548 2917 Religionis
1573 2834 1645 2888 et
1664 2813 2012 2888 Ecclesiae
2045 2831 2309 2915 myste-

1018 2931 1119 3007 ria
1153 2929 1539 3006 infidelibus
1569 2930 1642 3005 id
1674 2930 2159 3033 quaerentibus
2189 2955 2312 3031 pa-

1022 3048 1376 3125 tefaciunt.

554 3190 677 3243 vn
685 3221 900 3243 .........
927 3162 1051 3243 De
1110 3166 1390 3243 illorum
1452 3167 1600 3244 vita·
1665 3164 2113 3243 examinanda
2180 3163 2308 3265 qui

1020 3283 1328 3377 Clericos
1375 3286 1787 3375 obtrectant,
1835 3302 1908 3360 et
1951 3281 2134 3373 falsi,
2185 3278 2306 3357 vel

946 3456 953 3469 ·
1016 3430 1143 3507 per
1172 3402 1492 3515 injuriam
1524 3420 1863 3481 accusant.
