2667 4200
1109 302 1283 359 XXV

310 397 479 497 dia
538 397 1426 521 immanissimarum
1505 393 2063 558 persecutio-

311 573 530 637 num
618 540 902 641 hieme
968 540 1546 706 Martyrum
1611 537 2065 678 sanguine

236 668 748 799 exculta,
804 705 892 781 et
949 682 1434 824 irrigata,
1498 705 1703 780 tam
1760 681 2062 778 multi-

284 825 531 990 plici
532 849 878 961 postea
914 860 1233 925 rerum
1269 824 1580 993 copia,
1622 848 1812 943 tot,
1855 849 2061 922 tan-

309 969 619 1105 tisque
700 1003 1038 1069 sacrae
1124 969 1719 1107 antiquitatis
1806 968 2066 1067 indu-

311 1134 645 1209 mentis
726 1113 1180 1211 maiorum
1283 1137 1818 1211 nostrorum
1906 1146 2056 1209 so-

313 1254 611 1353 lertia*
645 1256 1112 1354 instructa
1135 1334 1165 1375 ,
1226 1279 1314 1354 et
1367 1278 1715 1354 ornata
1770 1286 2061 1389 appa-

315 1398 509 1494 ruit
530 1438 569 1510 ;
624 1423 732 1495 ut
771 1422 1000 1534 post
1051 1399 1733 1498 celeberrimum
1767 1430 2062 1533 prae·-

315 1541 569 1674 czjoue‘
621 1536 1309 1641 Illiberitanum
1360 1541 1850 1641 Concilium
1880 1618 1910 1658 ,
1976 1563 2065 1638 et

316 1677 403 1778 I
405 1685 512 1779 V
571 1684 668 1784 T
650 1686 1110 1787 oletanum
1201 1686 1517 1783 nullus
1605 1684 1732 1782 sit
1822 1685 2062 1782 inter

318 1828 820 1962 scriptores
898 1863 1184 1965 equus
1269 1861 1589 1927 rerum
1679 1826 2063 1924 extima-

318 1990 522 2087 tor,
587 1973 757 2108 qui
811 2006 984 2069 non
1042 1974 1292 2070 ultro
1338 1967 1804 2109 fateatur
1863 1971 2062 2066 nul-

316 2112 514 2212 lam
579 2149 780 2216 esse
841 2116 933 2213 in
1004 2139 1191 2214 toto
1271 2115 1779 2214 christiano
1848 2114 2063 2211 orbe

295 2257 940 2393 provinciam,
1011 2293 1403 2398 regnum
1479 2257 1891 2373 nullum,
1968 2256 2064 2354 in

319 2432 519 2537 quo
565 2401 1163 2519 illustriora,
1235 2426 1324 2502 et
1403 2401 1865 2537 ampliora
1934 2434 2065 2498 ec-

290 2542 845 2672 ·cleszastica
939 2569 1519 2645 monumenta
1606 2543 2066 2643 invenian-
2112 2621 2120 2634 s

322 2707 545 2804 tur,
607 2710 696 2782 et
731 2713 1365 2822 perseverent.

462 2826 801 2965 Atque
859 2828 1087 2929 haec
1143 2830 1427 2930 tanta
1482 2832 1704 2930 laus
1737 2908 1767 2948 ,
1828 2853 2065 2929 tam-

323 3004 499 3108 que
567 2972 1216 3105 pulcherrima
1262 3052 1295 3090 ,
1383 3007 1577 3112 qua
1664 2972 2070 3071 maiores.

326 3113 635 3211 nostri
691 3116 1000 3213 studio
1024 3194 1057 3232 ,
1115 3152 1231 3215 ac
1299 3114 1789 3255 diligentia
1799 3129 1808 3136 ’
1828 3113 2077 3250 pene*

327 3256 832 3358 incredibili
904 3259 997 3356 in
1086 3260 1354 3358 libris
1432 3256 2074 3360 ecclesiasticis.

330 3402 948 3539 componendis
970 3478 1003 3520 ,
1044 3403 1500 3543 augendis
1536 3480 1569 3522 ,
1617 3426 1704 3502 et
1744 3415 2081 3501 ornan-
