2667 4200
1104 285 1343 344 xxvn
1456 307 1464 310 ⁴

345 381 526 520 qui
559 413 756 480 non·
785 379 1157 508 ⁴videat,
1195 403 1451 480 nemo
1501 381 1673 520 qui
1709 413 1887 478 non
1936 380 2119 479 mil-²

283 559 290 582 ¹
347 548 624 624 retur·
641 602 673 643 ,
711 526 845 622 'ni
897 525 1198 624 media
1248 526 1341 623 in
1400 525 1595 623 luce
1646 523 2117 644 caecutire·

347 659 634 783 velia
701 665 1139 766 invictum
1207 667 1665 766 maiorum
1731 661 2095 766 nostro-

347 845 568 908 rum
631 812 931 909 animi
979 811 1270 910 robur
1307 890 1340 928 ,
1425 810 2101 910 sacerdotalem

349 955 973 1054 constantiam
1015 1033 1045 1072 ,
1147 949 1709 1093 indefessam
1802 952 1907 1050 E
1882 957 2097 1090 pis-

353 1129 782 1232 caporum
857 1103 1186 1196 curam
1210 1175 1240 1214 ,
1321 1122 1411 1197 et
1500 1098 2103 1237 vigilantiam

355 1263 639 1340 tanta
693 1274 898 1338 cum
946 1242 1437 1340 maiestate
1453 1319 1483 1358 ,
1525 1264 1613 1340 et
1651 1241 2113 1378 gravita-·

356 1406 446 1481 te
497 1385 1114 1482 coniunctam·
1076 1454 1108 1495 ,
1174 1408 1280 1481 ut
1326 1383 1425 1481 'in
1477 1383 1762 1482 medio
1804 1417 2101 1522 gras-
2103 1426 2112 1434 ·

355 1528 668 1624 santis
742 1527 1410 1691 persecutionis
1450 1525 1950 1643 incendia,
2010 1550 2119 1626 et.

356 1669 521 1766 vel
551 1693 771 1768 ante
815 1670 1080 1805 ipsas
1118 1671 1651 1810 sacrilegas
1697 1602 2101 1766 hostium

356 1841 667 1928 aras,
726 1813 936 1952 igne
964 1887 1016 1930 ,
1033 1807 1328 1950 ferr
1274 1846 1498 1949 oque
1544 1811 2107 1909 obarmatas

353 1985 692 2080 serena
667 1950 1054 2093 ‘'facie,
1120 1956 1569 2092 intrepid&
1627 1955 1947 2052 vultu
1967 1987 2104 2054 se-

353 2132 460 2197 se
497 2122 990 2237 tamquam
1008 2098 1681 2233 firmissimum
1708 2098 1900 2235 pro
1954 2098 2111 2197 dos

355 2275 505 2339 mo
599 2240 819 2397 Dei
898 2242 1719 2384 propugnaculum
1836 2238 2100 2375 oppo-

355 2408 755 2503 nerent,
837 2411 946 2485 ut
1019 2421 1238 2485 oves
1315 2387 1502 2485 sibi
1556 2382 1966 2486 creditas
2036 2378 2111 2481 d

363 2532 776 2666 serpenti
859 2531 1107 2628 malo
1182 2529 1813 2665 liberarent,
1888 2528 2137 2665 quin.

363 2666 808 2811 umquam
877 2673 1230 2771 interea
1304 2604 1819 2771 destiterint
1876 2704 2107 2811 gre·-

353 2842 576 2953 gem
633 2817 1168 2914 dominicum
1224 2816 1509 2913 verb&
1533 2892 1565 2932 ,
1629 2839 1717 2912 et
1778 2813 2113 2922 doetri-

365 2956 510 3057 ἐκεῖ
545 2978 948 3094 pascere
968 3035 1000 3076 ,
1069 2958 1678 3057 Sacerdotum
1748 2956 2115 3055 comitia

365 3102 642 3218 inire,
698 3136 994 3201 sacra
1027 3102 1429 3200 Coneilia
1464 3099 1983 3214 celebrare,
2028 3120 2117 3197 et

372 3245 732 3409 optimis
817 3246 1233 3405 legibus,
1298 3277 1415 3343 ac
1500 3240 2117 3343 sanctissimis

373 3386 834 3487 institutis
947 3386 1562 3489 christianum
1674 3385 2125 3524 populum
