2667 4200
1376 259 1581 314 XXIV

588 354 916 520 genio,
977 378 1066 453 et
1121 384 1478 450 morum
1528 354 2031 490 gravitate
2089 390 2345 455 cons-

572 500 845 633 pieui
890 497 1531 635 aequissimis,
1594 519 1682 594 et
1732 499 2360 677 gravissimis

595 641 954 780 legibus
1037 639 1818 756 communierunt,
1899 663 1987 737 et
2061 641 2360 741 tanta
2412 683 2449 708 ⁵

595 779 1029 882 doctrina
1069 861 1100 899 ,
1192 816 1309 881 ac
1405 783 1913 880 sanctitate
1968 781 2338 914 firma-

593 950 864 1041 runt,
917 950 1023 1023 ut
1084 927 1274 1023 iam
1329 926 1455 1023 ab
1506 919 1924 1041 Irenaei,
1973 950 2061 1023 et
2111 927 2209 1025 T
2191 964 2337 1026 er-

591 1070 946 1166 tuliani-
990 1068 1545 1203 temporibus
1605 1063 2007 1203 hispana
2031 1068 2335 1198 fides,

590 1235 680 1309 et
754 1212 1076 1350 religio
1145 1211 1404 1308 velut
1480 1234 1819 1309 exacta
1893 1211 2334 1312 christia-

584 1355 705 1454 ne*
765 1354 1142 1452 vivendi
1197 1387 1531 1450 norma
1560 1432 1590 1471 ,
1654 1387 1771 1452 ac
1815 1350 2338 1490 perfectum

583 1499 1057 1632 exemplar
1146 1496 1554 1594 omnibus
1616 1522 2329 1660 proponeretur:

551 1672 826 1776 ‘quae
901 1674 1104 1737 cum
1184 1639 1328 1736 ita
1411 1641 1598 1736 sint
1690 1699 1737 1765 g
1775 1639 1928 1737 cui
2007 1640 2330 1740 melius

579 1816 869 1919 quam
908 1782 1116 1899 tibi,
1157 1776 1320 1880 Ill
1327 1797 1412 1836 ”²²
1449 1819 1565 1882 ae
1605 1781 1947 1880 Revxm
1980 1785 2331 1882 utrius-

576 1958 753 2060 que
806 1924 1349 2060 Hispaniae
1401 1925 1719 2043 Clere,
1776 1916 1932 2022 cui
1968 1926 2321 2045 melius,

574 2067 911 2167 amabo
971 2103 1202 2186 vos,
1256 2069 1785 2167 uberrimus
1846 2069 2017 2167 iste
2040 2063 2326 2204 fruc-

573 2234 735 2310 tus
750 2290 780 2329 ,
816 2214 1250 2348 pretiosa
1288 2213 1485 2310 ista
1523 2206 2029 2311 adinventa
2068 2246 2323 2310 mar-

559 2355 912 2492 garita
1003 2356 1381 2454 debetur
1409 2432 1441 2472 ,
1527 2380 2017 2491 tamquam
2094 2353 2317 2453 hae-

567 2498 933 2596 reditas
1043 2523 1385 2610 sancta
1480 2520 1994 2634 parentum
2089 2522 2323 2632 post

567 2640 908 2738 obitum
996 2641 1092 2737 in
1147 2639 1585 2772 filiorum
1672 2641 2092 2739 ditionem
2117 2716 2147 2755 ,
2233 2664 2321 2738 et

540 2805 1114 2919 potestatem
1225 2784 1812 2881 transmissa
1871 2860 1902 2898 ,
2038 2806 2323 2919 atque

563 2925 1069 3023 translata
1112 2931 1169 3021 Β
1251 2922 1401 3021 Et
1489 2959 1719 3023 sane
1804 2925 2338 3024 istiusmodi

562 3066 1114 3166 haereditas
1153 3091 1357 3165 tam
1412 3091 1751 3167 sancta
1777 3145 1808 3183 ,
1858 3092 1945 3166 et
1982 3100 2323 3203 perve-

560 3234 837 3309 tusta
859 3288 891 3329 ,
938 3244 1188 3347 quae
1238 3211 1365 3310 ab
1424 3209 2106 3346 Apostolorum
2125 3288 2156 3328 ,
2216 3234 2325 3309 ut

560 3352 963 3459 chorintus
994 3428 1024 3471 ,
1067 3376 1467 3491 tempore
1523 3356 1877 3490 incepta
1907 3431 1940 3473 ,
2004 3354 2096 3453 in
2133 3388 2320 3454 me-
