2667 4200
354 404 559 458 nocer
584 406 637 482 y
662 377 903 456 hablar
934 376 1024 451 de
1056 278 1330 454 auggg)
1364 377 1551 456 C6d1
1555 405 1649 482 go
1681 405 1809 455 con
1842 405 1982 481 que
2015 405 2111 484 ya

353 498 425 576 lo
456 499 661 573 habia
709 500 939 572 hecho
979 494 1284 573 Morales
1308 553 1328 587 ,
1379 523 1548 594 pero
1581 525 1721 599 que
1756 524 1882 596 por
1916 525 2109 574 man-

350 616 516 692 dato
551 643 731 718 suyo
764 614 837 689 lo
868 613 1058 688 haria
1086 640 1213 690 con
1249 633 1457 717 gusto
1470 644 1491 696 ;
1528 640 1578 715 y
1612 615 1958 692 habiendo
1983 615 2116 692 for-

349 734 557 811 mado
602 734 671 808 la
718 730 1012 808 relacion
1054 759 1193 833 que
1242 732 1547 831 pusimos
1581 760 1665 807 en
1699 732 1766 807 la
1808 733 2114 833 Primera

350 854 559 928 Parte
578 909 598 943 ,
631 851 698 925 le
747 850 899 925 dice
949 847 1016 922 al
1071 847 1471 926 remitirsela
1502 879 1520 923 ι
1560 850 1730 942 „Ex
1761 849 1866 924 his
1901 851 2113 953 igitur

353 1001 408 1040 υ
427 966 694 1070 liquido
747 966 1111 1067 perspicies
1135 1026 1156 1060 ,
1209 966 1696 1077 jucundissime
1752 967 2113 1070 Gratiane,

353 1118 410 1158 n
433 1086 672 1188 quanti
706 1086 1004 1161 Codices
1059 1086 1171 1161 isti
1222 1085 1523 1161 habendi
1567 1087 1699 1161 sint
1701 1138 1842 1161 ......
1889 1113 2114 1163 unum

352 1237 408 1276 n
429 1208 562 1281 hoc
594 1203 721 1278 tibi
752 1229 1185 1305 persuassum
1219 1231 1362 1279 esse
1398 1202 1654 1279 velim:
1703 1232 1846 1305 quo
1893 1206 2114 1308 magis

350 1356 406 1393 η
426 1324 599 1398 haec
643 1340 862 1397 tracto
882 1379 902 1413 ,
936 1322 1155 1426 magis
1188 1320 1528 1398 desiderio
1563 1325 1709 1429 ejus
1757 1322 2113 1415 accendor,

354 1474 410 1512 μ’
431 1439 626 1543 quod
680 1439 751 1514 in
797 1439 1105 1538 Epistola
1160 1438 1447 1539 praefati
1482 1439 1734 1515 Indicis
1770 1435 1815 1544 (
1829 1440 2111 1515 Codicis

345 1591 399 1632 υ
421 1552 804 1660 Lucensis)
853 1557 941 1632 ad
1003 1578 1074 1634 te
1135 1559 1411 1657 scripsi:
1470 1585 1719 1657 nempe
1776 1576 1862 1632 ut
1917 1558 2112 1646 nobis

343 1708 400 1748 »ι
422 1674 712 1752 coelitus
749 1675 1079 1767 donetur,
1101 1675 1225 1777 qui
1266 1701 1516 1751 excusa
1541 1673 1855 1751 Concilia
1884 1661 2113 1750 emen*-

348 1827 402 1865 η
425 1794 622 1884 dare,
657 1820 794 1868 non
825 1818 1075 1869 excusa
1123 1813 1360 1869 autem
1404 1793 1592 1897 typis
1636 1791 1958 1870 mandare
2005 1793 2109 1869 ni·

352 1945 408 1984 n
429 1914 680 1986 tatur.”
1843 1933 1851 1940 ”

464 2030 687 2107 Antes
736 2027 823 2105 de
860 2048 1009 2107 esto
1052 2033 1256 2108 habia
1309 2031 1699 2131 practicado
1750 2031 1817 2109 la
1872 2032 2115 2131 misma

350 2147 713 2251 diligencia
767 2174 895 2223 con
951 2149 1021 2224 el
1066 2150 1352 2252 Codigo
1409 2149 1722 2225 Lucense
1742 2205 1761 2240 ,
1813 2177 1866 2252 y
1911 2150 2114 2224 escri-

352 2265 605 2341 biendo
637 2266 703 2340 al
738 2265 984 2343 mismo
1016 2268 1340 2345 Ministro
1373 2268 1567 2343 sobre
1601 2267 1670 2342 el
1705 2267 2116 2368 importante

353 2410 651 2487 encargo
696 2412 837 2487 que
889 2385 956 2462 le
1005 2385 1209 2461 habia
1255 2388 1483 2461 hecho
1530 2412 1603 2461 se
1649 2386 1947 2460 lamenta
1995 2411 2120 2484 por

356 2529 448 2578 no
479 2502 766 2578 hallarse
794 2529 923 2578 con
953 2530 1096 2578 mas
1122 2504 1417 2587 ,talentos
1444 2530 1494 2606 y
1531 2506 1764 2579 menos
1800 2504 2119 2606 negocios

346 2645 524 2721 „para
577 2620 1024 2719 desernpefiar
1069 2622 1506 2725 dignamente
1561 2648 1699 2696 una
1743 2622 2128 2719 ocupacion

359 2765 501 2840 que
536 2740 810 2813 tomaba
845 2767 974 2814 con
1006 2757 1201 2815 tanto
1232 2759 1458 2843 gusto.
1514 2795 1557 2832 ,‚
1580 2738 1981 2815 Iucundum
2016 2738 2122 2814 in-

361 2887 415 2926 „
437 2883 650 2957 quam
683 2883 936 2931 munus
983 2859 1117 2932 hoc
1141 2915 1160 2950 ,
1194 2878 1267 2933 et
1313 2884 1520 2935 suave
1556 2884 1767 2958 quam
1813 2856 2122 2932 libentis-

358 3005 416 3045 n
435 2973 608 3049 simo
652 2971 901 3049 ferrem
947 2975 1196 3050 animo.
1253 2975 1442 3067 Quis
1493 2974 1677 3049 enim
1724 2972 2128 3082 hujusmodi

360 3123 418 3163 22
436 3091 876 3168 voluminum
912 3092 1275 3168 lectionem
1310 3092 1597 3168 moleste
1634 3090 1853 3167 ferat?
1885 3111 2010 3168 aut
2045 3118 2126 3169 ea

242 3218 249 3227 '
361 3239 417 3279 n
438 3209 668 3307 potius
721 3237 858 3286 non
911 3235 1346 3309 summopere
1394 3208 1814 3285 delectetur?
1861 3209 1933 3287 in
1966 3209 2126 3311 qui-

360 3358 417 3399 n
438 3327 569 3403 bus
613 3327 825 3403 totius
871 3327 1292 3405 orthodoxae
1339 3327 1501 3404 fidei
1545 3347 1811 3405 nostrae
1859 3353 2128 3403 summa

366 3474 424 3519 n
441 3445 779 3529 consistit?
810 3447 884 3524 in
903 3447 1159 3551 quibus
1178 3473 1455 3525 morum
1481 3445 1862 3525 secundum
1884 3446 2134 3523 Deum
