2667 4200
1148 302 1309 381 131

763 516 1148 598 LIBER
1237 518 1689 598 NONUS.

412 761 421 766 ’
489 757 620 835 De
651 735 1187 836 Haerettcorum
1231 754 1491 858 legibus
1534 741 1961 835 abdicandis.

334 1017 372 1068 1
375 1047 687 1071 .............
715 988 840 1069 De
893 989 1282 1068 Haereticis
1295 1045 1318 1082 ,
1373 1017 1757 1094 eorumque
1804 992 2105 1098 legibus,

809 1109 1254 1211 moribusque
1288 1109 1753 1210 reprobandis.

335 1257 406 1308 11
410 1282 682 1307 ............
704 1227 833 1306 De
865 1227 1403 1304 Haereticorum
1427 1227 1764 1305 conviviis
1796 1227 2109 1308 devitan·

808 1344 935 1421 dis.

336 1491 443 1543 111
447 1517 688 1544 ..........
713 1462 837 1541 De
915 1462 1453 1540 Haereticorum
1519 1488 1686 1540 cum
1744 1463 2106 1547 Fidelibus

805 1581 1164 1691 conjugiis.

338 1727 432 1780 xv
433 1754 696 1779 ...........
723 1699 847 1777 De
882 1702 931 1790 J
935 1700 1316 1775 udaeorum
1350 1698 1486 1775 fide
1509 1756 1530 1790 ,
1578 1726 1839 1791 necnon
1890 1700 1979 1777 de
2023 1701 2108 1778 iis

811 1816 938 1921 qui
988 1843 1152 1893 cum
1206 1815 1364 1917 ipsis
1413 1836 1646 1893 contra
1700 1818 1910 1894 fidem
1961 1846 2108 1897 nos·

808 1954 986 2011 tram
1019 1933 1473 2012 consentiunt.
1592 1973 1598 1980 ·

333 2082 695 2137 v
715 2050 839 2130 De
878 2052 1312 2144 Judaeorum
1374 2053 1784 2161 conjugibus
1838 2080 2109 2134 eorum·

802 2199 944 2275 que
969 2170 1154 2264 filiis,
1173 2197 1255 2246 ac
1283 2198 1372 2247 ne
1400 2198 1632 2247 servos
1655 2199 1863 2272 penes
1896 2200 1965 2249 se
1991 2179 2111 2252 ha-

805 2291 1014 2366 beant
1050 2290 1520 2375 Christianos,
1500 2320 1517 2337 ·
1557 2317 1784 2394 neque
1819 2290 1949 2390 ipsi
1983 2319 2113 2391 pu-

812 2407 1009 2485 blicis
1055 2408 1246 2508 apud
1295 2408 1775 2486 Christianum
1828 2408 2110 2514 Regem

811 2526 1193 2631 fungantur
1224 2526 1645 2604 muneribus.

343 2669 436 2726 vr
443 2697 702 2721 ...........
731 2643 856 2721 De
891 2645 1276 2722 Haereticis
1321 2645 1412 2719 ab
1444 2645 1749 2721 Ecclesia
1785 2645 2111 2723 Catholi-

820 2791 897 2840 ca
931 2764 1003 2839 in
1036 2791 1201 2842 suae
1240 2762 1590 2869 dignitatis
1624 2765 1942 2869 gradum
1971 2792 2113 2843 sus.-

820 2883 1169 2983 cipiendis.

344 3022 474 3079 ‘vn
492 3054 704 3077 .........
728 2997 852 3077 De
898 3002 1286 3078 Haereticis
1319 3002 1409 3076 ab
1442 2999 1750 3077 Ecclesia
1784 3001 1858 3077 in
1903 3026 2115 3078 suum

816 3119 1111 3224 gradum
1147 3119 1429 3195 minime
1466 3118 1930 3220 suscipiendi&

344 3261 506 3317 ‘v111
510 3292 703 3314 ........
727 3235 855 3315 De
890 3238 1354 3343 gratulatione
1399 3238 1634 3313 habita
1669 3238 1757 3315 de
1791 3235 2116 3317 Catholi-

816 3385 940 3434 cae
984 3356 1148 3434 fidei
1186 3356 1599 3434 defensione.

349 3497 501 3551 rx..
506 3531 669 3556 .......
681 3532 701 3558 .
726 3475 854 3557 De
908 3476 1232 3557 Decretis
1285 3477 1576 3556 Sanctae
1650 3473 1815 3552 fidei
1885 3472 2124 3551 defen·

1545 3621 1579 3669 1
1606 3618 1648 3669 2
