<?xml version="1.0" encoding="UTF-8"?>
<!DOCTYPE html PUBLIC "-//W3C//DTD XHTML 1.0 Transitional//EN"
    "http://www.w3.org/TR/xhtml1/DTD/xhtml1-transitional.dtd">
<html xmlns="http://www.w3.org/1999/xhtml" xml:lang="en" lang="en">
 <head>
  <title>
</title>
<meta http-equiv="Content-Type" content="text/html;charset=utf-8" />
  <meta name='ocr-system' content='tesseract 3.04.00' />
  <meta name='ocr-capabilities' content='ocr_page ocr_carea ocr_par ocr_line ocrx_word'/>
</head>
<body>
  <div class='ocr_page' id='page_1' title='image "./noticiadelasant00peregoog/noticiadelasant00peregoog_0106.png"; bbox 0 0 2667 4200; ppageno 0'>
   <div class='ocr_carea' id='block_1_1' title="bbox 320 265 2085 466">
    <p class='ocr_par' dir='ltr' id='par_1_1' title="bbox 320 265 2085 466">
     <span class='ocr_line' id='line_1_1' title="bbox 320 265 2085 466; baseline 0.003 -23"><span class='ocrx_word' id='word_1_1' title='bbox 320 353 780 443; x_wconf 78' lang='lat' dir='ltr'>Desideratur</span> <span class='ocrx_word' id='word_1_2' title='bbox 812 363 885 441; x_wconf 88' lang='lat' dir='ltr'>in</span> <span class='ocrx_word' id='word_1_3' title='bbox 917 265 1314 466; x_wconf 65' lang='lat' dir='ltr'>Hispal{1isi</span> <span class='ocrx_word' id='word_1_4' title='bbox 1347 389 1511 442; x_wconf 84' lang='lat' dir='ltr'>cum</span> <span class='ocrx_word' id='word_1_5' title='bbox 1555 363 1733 443; x_wconf 85' lang='lat' dir='ltr'>foliis</span> <span class='ocrx_word' id='word_1_6' title='bbox 1779 367 2085 449; x_wconf 67' lang='lat' dir='ltr'>subla&#39;tis.</span> 
     </span>
    </p>
   </div>
   <div class='ocr_carea' id='block_1_2' title="bbox 325 483 2112 3536">
    <p class='ocr_par' dir='ltr' id='par_1_2' title="bbox 333 483 2087 821">
     <span class='ocr_line' id='line_1_2' title="bbox 333 483 2087 588; baseline 0.003 -27"><span class='ocrx_word' id='word_1_7' title='bbox 333 510 376 561; x_wconf 87' lang='lat'>2</span> <span class='ocrx_word' id='word_1_8' title='bbox 494 483 918 585; x_wconf 81' lang='lat' dir='ltr'>Ancyritana</span> <span class='ocrx_word' id='word_1_9' title='bbox 950 485 1270 587; x_wconf 88' lang='lat' dir='ltr'>Synodus</span> <span class='ocrx_word' id='word_1_10' title='bbox 1286 540 1307 574; x_wconf 87' lang='lat'><em>,</em></span> <span class='ocrx_word' id='word_1_11' title='bbox 1334 511 1519 588; x_wconf 87' lang='lat' dir='ltr'>quae</span> <span class='ocrx_word' id='word_1_12' title='bbox 1552 505 1711 563; x_wconf 84' lang='lat' dir='ltr'>ante</span> <span class='ocrx_word' id='word_1_13' title='bbox 1737 486 2087 566; x_wconf 86' lang='lat' dir='ltr'>Nicenam</span> 
     </span>
     <span class='ocr_line' id='line_1_3' title="bbox 441 601 2084 682; baseline 0.002 -4"><span class='ocrx_word' id='word_1_14' title='bbox 441 601 787 678; x_wconf 79' lang='lat' dir='ltr'>celebrata</span> <span class='ocrx_word' id='word_1_15' title='bbox 819 602 978 679; x_wconf 85' lang='lat' dir='ltr'>fuit.</span> <span class='ocrx_word' id='word_1_16' title='bbox 1041 603 1331 680; x_wconf 82' lang='lat' dir='ltr'>Sublata</span> <span class='ocrx_word' id='word_1_17' title='bbox 1375 603 1585 679; x_wconf 82' lang='lat' dir='ltr'>etiam</span> <span class='ocrx_word' id='word_1_18' title='bbox 1632 603 1767 680; x_wconf 84' lang='lat' dir='ltr'>fuit</span> <span class='ocrx_word' id='word_1_19' title='bbox 1810 604 1883 681; x_wconf 91' lang='lat' dir='ltr'>in</span> <span class='ocrx_word' id='word_1_20' title='bbox 1916 607 2084 682; x_wconf 78' lang='lat' dir='ltr'>His-</span> 
     </span>
     <span class='ocr_line' id='line_1_4' title="bbox 440 717 1521 821; baseline 0 -28"><span class='ocrx_word' id='word_1_21' title='bbox 440 717 725 821; x_wconf 86' lang='lat' dir='ltr'>palensi.</span> <span class='ocrx_word' id='word_1_22' title='bbox 1518 748 1521 755; x_wconf 95' lang='lat'>·</span> 
     </span>
    </p>

    <p class='ocr_par' dir='ltr' id='par_1_3' title="bbox 330 837 2095 1271">
     <span class='ocr_line' id='line_1_5' title="bbox 330 837 2087 940; baseline 0.001 -23"><span class='ocrx_word' id='word_1_23' title='bbox 330 865 372 940; x_wconf 84' lang='lat'><strong>3</strong></span> <span class='ocrx_word' id='word_1_24' title='bbox 493 837 1032 916; x_wconf 84' lang='lat' dir='ltr'>Neocesariense</span> <span class='ocrx_word' id='word_1_25' title='bbox 1067 837 1469 916; x_wconf 82' lang='lat' dir='ltr'>Concilium</span> <span class='ocrx_word' id='word_1_26' title='bbox 1505 839 1598 916; x_wconf 84' lang='lat' dir='ltr'>ab</span> <span class='ocrx_word' id='word_1_27' title='bbox 1641 863 1673 915; x_wconf 89' lang='lat'>1</span> <span class='ocrx_word' id='word_1_28' title='bbox 1694 862 1768 940; x_wconf 92' lang='lat'>9.</span> <span class='ocrx_word' id='word_1_29' title='bbox 1801 839 2087 940; x_wconf 88' lang='lat' dir='ltr'>Episco-</span> 
     </span>
     <span class='ocr_line' id='line_1_6' title="bbox 444 956 2095 1059; baseline 0.003 -28"><span class='ocrx_word' id='word_1_30' title='bbox 444 957 552 1058; x_wconf 88' lang='lat' dir='ltr'>pis</span> <span class='ocrx_word' id='word_1_31' title='bbox 596 957 912 1033; x_wconf 86' lang='lat' dir='ltr'>habitum</span> <span class='ocrx_word' id='word_1_32' title='bbox 936 1015 957 1050; x_wconf 87' lang='lat'><strong><em>‚</em></strong></span> <span class='ocrx_word' id='word_1_33' title='bbox 991 983 1290 1059; x_wconf 86' lang='lat' dir='ltr'>quorum</span> <span class='ocrx_word' id='word_1_34' title='bbox 1349 956 1624 1033; x_wconf 83' lang='lat' dir='ltr'>nomina</span> <span class='ocrx_word' id='word_1_35' title='bbox 1669 958 1742 1032; x_wconf 92' lang='lat' dir='ltr'>in</span> <span class='ocrx_word' id='word_1_36' title='bbox 1794 959 2095 1038; x_wconf 86' lang='lat' dir='ltr'>Lucensi</span> 
     </span>
     <span class='ocr_line' id='line_1_7' title="bbox 446 1074 2089 1180; baseline 0.003 -30"><span class='ocrx_word' id='word_1_37' title='bbox 446 1075 911 1152; x_wconf 83' lang='lat' dir='ltr'>desiderantur</span> <span class='ocrx_word' id='word_1_38' title='bbox 946 1130 966 1165; x_wconf 91' lang='lat'>‚</span> <span class='ocrx_word' id='word_1_39' title='bbox 1024 1095 1099 1151; x_wconf 90' lang='lat' dir='ltr'>et</span> <span class='ocrx_word' id='word_1_40' title='bbox 1149 1075 1220 1149; x_wconf 91' lang='lat' dir='ltr'>in</span> <span class='ocrx_word' id='word_1_41' title='bbox 1275 1074 1671 1175; x_wconf 85' lang='lat' dir='ltr'>Hispalensi</span> <span class='ocrx_word' id='word_1_42' title='bbox 1738 1075 2089 1180; x_wconf 85' lang='lat' dir='ltr'>integrum</span> 
     </span>
     <span class='ocr_line' id='line_1_8' title="bbox 447 1191 1431 1271; baseline -0.003 0"><span class='ocrx_word' id='word_1_43' title='bbox 447 1193 843 1271; x_wconf 86' lang='lat' dir='ltr'>Concilium</span> <span class='ocrx_word' id='word_1_44' title='bbox 877 1191 1013 1270; x_wconf 87' lang='lat' dir='ltr'>fuit</span> <span class='ocrx_word' id='word_1_45' title='bbox 1051 1193 1431 1269; x_wconf 86' lang='lat' dir='ltr'>sublatum.</span> 
     </span>
    </p>

    <p class='ocr_par' dir='ltr' id='par_1_4' title="bbox 325 1310 2088 1534">
     <span class='ocr_line' id='line_1_9' title="bbox 325 1310 2088 1414; baseline 0.001 -27"><span class='ocrx_word' id='word_1_46' title='bbox 325 1337 458 1411; x_wconf 84' lang='lat'><strong>4...</strong></span> <span class='ocrx_word' id='word_1_47' title='bbox 495 1310 898 1414; x_wconf 85' lang='lat' dir='ltr'>Gangrense</span> <span class='ocrx_word' id='word_1_48' title='bbox 921 1369 941 1402; x_wconf 89' lang='lat'>‚</span> <span class='ocrx_word' id='word_1_49' title='bbox 975 1331 1132 1411; x_wconf 88' lang='lat' dir='ltr'>post</span> <span class='ocrx_word' id='word_1_50' title='bbox 1163 1311 1509 1387; x_wconf 80' lang='lat' dir='ltr'>Nicenam</span> <span class='ocrx_word' id='word_1_51' title='bbox 1542 1310 1905 1414; x_wconf 83' lang='lat' dir='ltr'>Synodum</span> <span class='ocrx_word' id='word_1_52' title='bbox 1940 1311 2088 1389; x_wconf 86' lang='lat' dir='ltr'>edi-</span> 
     </span>
     <span class='ocr_line' id='line_1_10' title="bbox 443 1429 1339 1534; baseline 0.001 -30"><span class='ocrx_word' id='word_1_53' title='bbox 443 1449 601 1505; x_wconf 86' lang='lat' dir='ltr'>tum</span> <span class='ocrx_word' id='word_1_54' title='bbox 635 1430 680 1504; x_wconf 66' lang='lat'>22</span> <span class='ocrx_word' id='word_1_55' title='bbox 727 1452 758 1504; x_wconf 92' lang='lat'>1</span> <span class='ocrx_word' id='word_1_56' title='bbox 784 1449 852 1534; x_wconf 80' lang='grc' dir='ltr'>ς.</span> <span class='ocrx_word' id='word_1_57' title='bbox 887 1429 1264 1529; x_wconf 85' lang='lat' dir='ltr'>Episcopis.</span> <span class='ocrx_word' id='word_1_58' title='bbox 1333 1465 1339 1471; x_wconf 88' lang='lat'><strong>·</strong></span> 
     </span>
    </p>

    <p class='ocr_par' dir='ltr' id='par_1_5' title="bbox 339 1544 2093 1658">
     <span class='ocr_line' id='line_1_11' title="bbox 339 1544 2093 1658; baseline 0.002 -34"><span class='ocrx_word' id='word_1_59' title='bbox 339 1569 459 1654; x_wconf 78' lang='grc' dir='ltr'><strong>ς...</strong></span> <span class='ocrx_word' id='word_1_60' title='bbox 497 1547 890 1624; x_wconf 87' lang='lat' dir='ltr'>Sardicense</span> <span class='ocrx_word' id='word_1_61' title='bbox 925 1547 1325 1625; x_wconf 86' lang='lat' dir='ltr'>Concilium</span> <span class='ocrx_word' id='word_1_62' title='bbox 1370 1571 1409 1645; x_wconf 85' lang='lat'>3</span> <span class='ocrx_word' id='word_1_63' title='bbox 1426 1575 1555 1658; x_wconf 75' lang='lat' dir='ltr'>oo.</span> <span class='ocrx_word' id='word_1_64' title='bbox 1592 1544 2093 1647; x_wconf 86' lang='lat' dir='ltr'>Episcopomm</span> 
     </span>
    </p>

    <p class='ocr_par' dir='ltr' id='par_1_6' title="bbox 335 1664 2095 1882">
     <span class='ocr_line' id='line_1_12' title="bbox 335 1664 2095 1764; baseline 0.001 -23"><span class='ocrx_word' id='word_1_65' title='bbox 335 1711 342 1718; x_wconf 93' lang='lat'>-</span> <span class='ocrx_word' id='word_1_66' title='bbox 448 1693 628 1741; x_wconf 83' lang='lat' dir='ltr'>anno</span> <span class='ocrx_word' id='word_1_67' title='bbox 660 1686 856 1742; x_wconf 83' lang='lat' dir='ltr'>sexto</span> <span class='ocrx_word' id='word_1_68' title='bbox 877 1665 1265 1743; x_wconf 84' lang='lat' dir='ltr'>Constantii</span> <span class='ocrx_word' id='word_1_69' title='bbox 1295 1664 1760 1764; x_wconf 84' lang='lat' dir='ltr'>Imperatoris.</span> <span class='ocrx_word' id='word_1_70' title='bbox 1817 1668 1905 1740; x_wconf 91' lang='lat' dir='ltr'>In</span> <span class='ocrx_word' id='word_1_71' title='bbox 1942 1667 2095 1742; x_wconf 89' lang='lat' dir='ltr'>Lu-</span> 
     </span>
     <span class='ocr_line' id='line_1_13' title="bbox 448 1783 2077 1882; baseline -0.001 -23"><span class='ocrx_word' id='word_1_72' title='bbox 448 1784 631 1860; x_wconf 87' lang='lat' dir='ltr'>censi</span> <span class='ocrx_word' id='word_1_73' title='bbox 664 1783 932 1862; x_wconf 83' lang='lat' dir='ltr'>Codice</span> <span class='ocrx_word' id='word_1_74' title='bbox 967 1803 1070 1860; x_wconf 87' lang='lat' dir='ltr'>est</span> <span class='ocrx_word' id='word_1_75' title='bbox 1100 1786 1487 1882; x_wconf 84' lang='lat' dir='ltr'>Imperator</span> <span class='ocrx_word' id='word_1_76' title='bbox 1521 1783 2036 1860; x_wconf 84' lang='lat' dir='ltr'>Constantinus.</span> <span class='ocrx_word' id='word_1_77' title='bbox 2072 1783 2077 1794; x_wconf 77' lang='lat'>&#39;</span> 
     </span>
    </p>

    <p class='ocr_par' dir='ltr' id='par_1_7' title="bbox 339 1900 2101 2357">
     <span class='ocr_line' id='line_1_14' title="bbox 339 1900 2095 2000; baseline -0.001 -21"><span class='ocrx_word' id='word_1_78' title='bbox 339 1901 464 1979; x_wconf 86' lang='lat'><strong>6...</strong></span> <span class='ocrx_word' id='word_1_79' title='bbox 501 1901 1070 1978; x_wconf 87' lang='lat' dir='ltr'>Anthiochenum</span> <span class='ocrx_word' id='word_1_80' title='bbox 1133 1925 1172 2000; x_wconf 82' lang='lat'><strong>3</strong></span> <span class='ocrx_word' id='word_1_81' title='bbox 1199 1925 1230 1976; x_wconf 93' lang='lat'>1</span> <span class='ocrx_word' id='word_1_82' title='bbox 1249 1959 1264 1976; x_wconf 97' lang='lat'><strong>.</strong></span> <span class='ocrx_word' id='word_1_83' title='bbox 1327 1900 1829 2000; x_wconf 86' lang='lat' dir='ltr'>Episcoporum</span> <span class='ocrx_word' id='word_1_84' title='bbox 1858 1958 1879 1992; x_wconf 88' lang='lat'><em>,</em></span> <span class='ocrx_word' id='word_1_85' title='bbox 1932 1925 2095 1977; x_wconf 88' lang='lat' dir='ltr'>cum</span> 
     </span>
     <span class='ocr_line' id='line_1_15' title="bbox 454 2016 2098 2119; baseline -0.002 -23"><span class='ocrx_word' id='word_1_86' title='bbox 454 2045 695 2096; x_wconf 87' lang='lat' dir='ltr'>eorum</span> <span class='ocrx_word' id='word_1_87' title='bbox 731 2019 1331 2119; x_wconf 86' lang='lat' dir='ltr'>subscriptionibus</span> <span class='ocrx_word' id='word_1_88' title='bbox 1366 2019 1437 2094; x_wconf 84' lang='lat' dir='ltr'>in</span> <span class='ocrx_word' id='word_1_89' title='bbox 1470 2017 1642 2110; x_wconf 89' lang='lat' dir='ltr'>fine,</span> <span class='ocrx_word' id='word_1_90' title='bbox 1678 2016 1957 2094; x_wconf 86' lang='lat' dir='ltr'>diversis</span> <span class='ocrx_word' id='word_1_91' title='bbox 1992 2045 2098 2094; x_wconf 85' lang='lat' dir='ltr'>or·</span> 
     </span>
     <span class='ocr_line' id='line_1_16' title="bbox 456 2136 2101 2233; baseline -0.001 -19"><span class='ocrx_word' id='word_1_92' title='bbox 456 2139 614 2233; x_wconf 83' lang='lat' dir='ltr'>dine</span> <span class='ocrx_word' id='word_1_93' title='bbox 633 2196 653 2229; x_wconf 92' lang='lat'>,</span> <span class='ocrx_word' id='word_1_94' title='bbox 686 2138 1179 2233; x_wconf 78' lang='lat' dir='ltr'>et‚nomi11ibus</span> <span class='ocrx_word' id='word_1_95' title='bbox 1226 2138 1316 2212; x_wconf 84' lang='lat' dir='ltr'>ab</span> <span class='ocrx_word' id='word_1_96' title='bbox 1362 2136 1651 2213; x_wconf 83' lang='lat' dir='ltr'>excusis.</span> <span class='ocrx_word' id='word_1_97' title='bbox 1716 2137 2101 2213; x_wconf 82' lang='lat' dir='ltr'>Desidera-&#39;</span> 
     </span>
     <span class='ocr_line' id='line_1_17' title="bbox 455 2255 1124 2357; baseline -0.004 -24"><span class='ocrx_word' id='word_1_98' title='bbox 455 2276 573 2333; x_wconf 88' lang='lat' dir='ltr'>tur</span> <span class='ocrx_word' id='word_1_99' title='bbox 607 2257 678 2329; x_wconf 92' lang='lat' dir='ltr'>in</span> <span class='ocrx_word' id='word_1_100' title='bbox 707 2255 1124 2357; x_wconf 85' lang='lat' dir='ltr'>Hispalensi.</span> 
     </span>
    </p>

    <p class='ocr_par' dir='ltr' id='par_1_8' title="bbox 339 2369 2095 2587">
     <span class='ocr_line' id='line_1_18' title="bbox 339 2369 2095 2480; baseline 0.001 -30"><span class='ocrx_word' id='word_1_101' title='bbox 339 2400 465 2475; x_wconf 89' lang='lat'><strong>7...</strong></span> <span class='ocrx_word' id='word_1_102' title='bbox 502 2374 896 2449; x_wconf 85' lang='lat' dir='ltr'>Laudociae</span> <span class='ocrx_word' id='word_1_103' title='bbox 941 2372 1261 2475; x_wconf 86' lang='lat' dir='ltr'>Synodus</span> <span class='ocrx_word' id='word_1_104' title='bbox 1285 2429 1307 2464; x_wconf 85' lang='lat'><em>,</em></span> <span class='ocrx_word' id='word_1_105' title='bbox 1351 2374 1548 2480; x_wconf 82' lang='lat' dir='ltr'>cujus</span> <span class='ocrx_word' id='word_1_106' title='bbox 1598 2391 1810 2470; x_wconf 82' lang='lat' dir='ltr'>caput</span> <span class='ocrx_word' id='word_1_107' title='bbox 1858 2395 1899 2446; x_wconf 86' lang='lat'>2</span> <span class='ocrx_word' id='word_1_108' title='bbox 1918 2396 1987 2446; x_wconf 88' lang='lat'>2.</span> <span class='ocrx_word' id='word_1_109' title='bbox 2023 2369 2095 2451; x_wconf 80' lang='lat' dir='ltr'>in</span> 
     </span>
     <span class='ocr_line' id='line_1_19' title="bbox 458 2489 1729 2587; baseline -0.002 -20"><span class='ocrx_word' id='word_1_110' title='bbox 458 2492 770 2567; x_wconf 88' lang='lat' dir='ltr'>omnibus</span> <span class='ocrx_word' id='word_1_111' title='bbox 803 2492 906 2567; x_wconf 91' lang='lat' dir='ltr'>his</span> <span class='ocrx_word' id='word_1_112' title='bbox 941 2491 1151 2573; x_wconf 80' lang='lat' dir='ltr'><strong>MSS.</strong></span> <span class='ocrx_word' id='word_1_113' title='bbox 1185 2489 1527 2566; x_wconf 86' lang='lat' dir='ltr'>anectitur</span> <span class='ocrx_word' id='word_1_114' title='bbox 1564 2514 1603 2562; x_wconf 83' lang='lat'>2</span> <span class='ocrx_word' id='word_1_115' title='bbox 1622 2512 1659 2587; x_wconf 83' lang='lat'>3</span> <span class='ocrx_word' id='word_1_116' title='bbox 1678 2492 1729 2564; x_wconf 85' lang='lat'>.⁰</span> 
     </span>
    </p>

    <p class='ocr_par' dir='ltr' id='par_1_9' title="bbox 345 2595 2103 3277">
     <span class='ocr_line' id='line_1_20' title="bbox 345 2595 2099 2711; baseline -0.002 -24"><span class='ocrx_word' id='word_1_117' title='bbox 345 2610 472 2687; x_wconf 90' lang='lat'><strong>8...</strong></span> <span class='ocrx_word' id='word_1_118' title='bbox 512 2595 1264 2709; x_wconf 60' lang='lat' dir='ltr'>Constantinopolitana</span> <span class='ocrx_word' id='word_1_119' title='bbox 1283 2607 1634 2711; x_wconf 80' lang='lat' dir='ltr'>··Synodus</span> <span class='ocrx_word' id='word_1_120' title='bbox 1689 2629 1720 2681; x_wconf 91' lang='lat'>1</span> <span class='ocrx_word' id='word_1_121' title='bbox 1746 2629 1873 2711; x_wconf 77' lang='lat'>50.</span> <span class='ocrx_word' id='word_1_122' title='bbox 1902 2606 2099 2708; x_wconf 61' lang='lat' dir='ltr'>Epis]-</span> 
     </span>
     <span class='ocr_line' id='line_1_21' title="bbox 457 2714 2097 2833; baseline -0.001 -31"><span class='ocrx_word' id='word_1_123' title='bbox 457 2714 824 2827; x_wconf 86' lang='lat' dir='ltr'>coporum,</span> <span class='ocrx_word' id='word_1_124' title='bbox 862 2728 990 2803; x_wconf 91' lang='lat' dir='ltr'>sub</span> <span class='ocrx_word' id='word_1_125' title='bbox 1039 2725 1437 2803; x_wconf 87' lang='lat' dir='ltr'>Theodosio</span> <span class='ocrx_word' id='word_1_126' title='bbox 1474 2724 1752 2833; x_wconf 81' lang='lat' dir='ltr'>Majori.</span> <span class='ocrx_word' id='word_1_127' title='bbox 1824 2727 1910 2800; x_wconf 91' lang='lat' dir='ltr'>In</span> <span class='ocrx_word' id='word_1_128' title='bbox 1962 2730 2097 2801; x_wconf 82' lang='lat' dir='ltr'>ho‘c</span> 
     </span>
     <span class='ocr_line' id='line_1_22' title="bbox 453 2838 2100 2946; baseline -0.004 -25"><span class='ocrx_word' id='word_1_129' title='bbox 453 2846 666 2922; x_wconf 82' lang='lat' dir='ltr'>etiam</span> <span class='ocrx_word' id='word_1_130' title='bbox 703 2844 968 2923; x_wconf 83' lang='lat' dir='ltr'>Codice</span> <span class='ocrx_word' id='word_1_131' title='bbox 1004 2864 1074 2920; x_wconf 86' lang='lat' dir='ltr'>et</span> <span class='ocrx_word' id='word_1_132' title='bbox 1115 2845 1185 2921; x_wconf 85' lang='lat' dir='ltr'>in</span> <span class='ocrx_word' id='word_1_133' title='bbox 1219 2842 1519 2921; x_wconf 85' lang='lat' dir='ltr'>Lucensi</span> <span class='ocrx_word' id='word_1_134' title='bbox 1554 2838 1743 2946; x_wconf 85' lang='lat' dir='ltr'>(qui</span> <span class='ocrx_word' id='word_1_135' title='bbox 1774 2843 1845 2916; x_wconf 89' lang='lat' dir='ltr'>in</span> <span class='ocrx_word' id='word_1_136' title='bbox 1878 2844 2100 2918; x_wconf 88' lang='lat' dir='ltr'>omni-</span> 
     </span>
     <span class='ocr_line' id='line_1_23' title="bbox 455 2960 2097 3070; baseline -0.003 -31"><span class='ocrx_word' id='word_1_137' title='bbox 455 2966 586 3040; x_wconf 90' lang='lat' dir='ltr'>bus</span> <span class='ocrx_word' id='word_1_138' title='bbox 647 2960 1122 3070; x_wconf 83' lang='lat' dir='ltr'>conveniunt)</span> <span class='ocrx_word' id='word_1_139' title='bbox 1181 2964 1407 3039; x_wconf 87' lang='lat' dir='ltr'>solum</span> <span class='ocrx_word' id='word_1_140' title='bbox 1471 2960 1903 3035; x_wconf 79' lang='lat' dir='ltr'>nominantur</span> <span class='ocrx_word' id='word_1_141' title='bbox 1968 2985 2097 3035; x_wconf 87' lang='lat'>20.</span> 
     </span>
     <span class='ocr_line' id='line_1_24' title="bbox 457 3071 2103 3184; baseline -0.002 -29"><span class='ocrx_word' id='word_1_142' title='bbox 457 3082 714 3181; x_wconf 83' lang='lat' dir='ltr'>priores</span> <span class='ocrx_word' id='word_1_143' title='bbox 749 3082 1114 3182; x_wconf 87' lang='lat' dir='ltr'>Episcopi,</span> <span class='ocrx_word' id='word_1_144' title='bbox 1148 3103 1363 3184; x_wconf 86' lang='lat' dir='ltr'>atque</span> <span class='ocrx_word' id='word_1_145' title='bbox 1418 3078 1491 3154; x_wconf 88' lang='lat' dir='ltr'>in</span> <span class='ocrx_word' id='word_1_146' title='bbox 1536 3071 1616 3153; x_wconf 87' lang='lat' dir='ltr'>iis</span> <span class='ocrx_word' id='word_1_147' title='bbox 1661 3077 1944 3181; x_wconf 82' lang='lat' dir='ltr'>quidam</span> <span class='ocrx_word' id='word_1_148' title='bbox 1992 3077 2103 3152; x_wconf 58' lang='lat' dir='ltr'>di»</span> 
     </span>
     <span class='ocr_line' id='line_1_25' title="bbox 461 3200 868 3277; baseline 0 -2"><span class='ocrx_word' id='word_1_149' title='bbox 461 3200 868 3277; x_wconf 82' lang='lat' dir='ltr'>versimode.</span> 
     </span>
    </p>

    <p class='ocr_par' dir='ltr' id='par_1_10' title="bbox 343 3304 2112 3536">
     <span class='ocr_line' id='line_1_26' title="bbox 343 3304 2103 3419; baseline -0.003 -26"><span class='ocrx_word' id='word_1_150' title='bbox 343 3340 474 3419; x_wconf 88' lang='lat'><strong>9...</strong></span> <span class='ocrx_word' id='word_1_151' title='bbox 509 3317 598 3392; x_wconf 87' lang='lat' dir='ltr'>In</span> <span class='ocrx_word' id='word_1_152' title='bbox 645 3304 947 3395; x_wconf 84' lang='lat' dir='ltr'>Lucensi</span> <span class='ocrx_word' id='word_1_153' title='bbox 993 3318 1260 3397; x_wconf 84' lang='lat' dir='ltr'>Codice</span> <span class='ocrx_word' id='word_1_154' title='bbox 1302 3316 1600 3393; x_wconf 85' lang='lat' dir='ltr'>habetur</span> <span class='ocrx_word' id='word_1_155' title='bbox 1646 3314 1924 3412; x_wconf 84' lang='lat' dir='ltr'>insuper</span> <span class='ocrx_word' id='word_1_156' title='bbox 1967 3311 2103 3416; x_wconf 76' lang='lat' dir='ltr'>Syr.</span> 
     </span>
     <span class='ocr_line' id='line_1_27' title="bbox 463 3432 2112 3536; baseline -0.002 -26"><span class='ocrx_word' id='word_1_157' title='bbox 463 3435 682 3515; x_wconf 87' lang='lat' dir='ltr'>nodus</span> <span class='ocrx_word' id='word_1_158' title='bbox 741 3436 880 3513; x_wconf 83' lang='lat' dir='ltr'>alia</span> <span class='ocrx_word' id='word_1_159' title='bbox 938 3433 1692 3536; x_wconf 81' lang='lat' dir='ltr'>Constantinopolitana</span> <span class='ocrx_word' id='word_1_160' title='bbox 1720 3487 1743 3526; x_wconf 92' lang='lat'>,</span> <span class='ocrx_word' id='word_1_161' title='bbox 1797 3456 1978 3533; x_wconf 79' lang='lat' dir='ltr'>quae</span> <span class='ocrx_word' id='word_1_162' title='bbox 2038 3432 2112 3507; x_wconf 92' lang='lat' dir='ltr'>in</span> 
     </span>
    </p>
   </div>
  </div>
 </body>
</html>
