2667 4200
331 357 511 434 chae
543 354 836 433 initiales
871 356 1111 434 literae
1144 261 1254 433 s7ic⁵
1273 358 1555 464 habent.

500 536 742 641 Vigila
776 533 1319 643 Sarracinusque
1356 541 1734 615 ediderunt.

446 706 731 788 Finales
767 737 983 787 vero:

506 891 583 966 E
586 918 677 967 ra
711 892 1057 966 millesima
1075 947 1100 980 ‚
1141 893 1294 968 sive
1329 891 1870 996 quartadecima.

785 1131 791 1136 ’
851 1128 1216 1205 TABULA
1296 1131 1555 1204 XIX.

442 1298 762 1387 Jambico
794 1299 1082 1376 demum
1111 1300 1408 1376 carmine
1444 1299 1690 1404 gratias
1717 1298 1864 1403 agit
1888 1298 2082 1376 Deos

320 1415 653 1519 idemque
677 1473 696 1507 ‚
755 1400 946 1519 quod
999 1419 1068 1492 in
1128 1418 1610 1517 praecedenti,
1665 1416 2090 1495 Monasterio
2189 1487 2192 1492 .

321 1534 555 1610 Sancti
605 1537 893 1611 Martini
945 1536 1313 1638 Episcopi,
1362 1537 1688 1641 Regique
1744 1535 2084 1629 Sancioni,

318 1679 401 1727 ac
436 1653 791 1730 Ranimiro
845 1676 1181 1755 precatur.
1251 1657 1574 1759 Signatur
1622 1654 1830 1730 etiam
1864 1681 2081 1729 annus

317 1772 410 1844 ab
469 1772 940 1848 Inca-rnatione
993 1772 1287 1847 Domini
1340 1797 1863 1850 DCCCCLXXVI.
1920 1770 2075 1873 qui-

318 1889 451 1962 bus
486 1890 540 1963 si
574 1915 923 1968 xxxv111.
960 1890 1166 1965 addas
1189 1947 1210 1981 ,
1249 1917 1476 1966 aeram
1525 1891 1830 1965 invenies
1878 1891 2080 1965 Μ.ειιιῚι

318 2010 580 2083 x1v.³¹¹²
613 2033 824 2110 quam
859 2008 929 2081 in
960 2008 1395 2107 praecedenti
1429 2008 1931 2108 Asclepiadaeo
1964 2007 2081 2082 de-

316 2124 741 2227 signaveratt
768 2153 857 2202 ex
891 2153 1033 2228 quo
1068 2126 1353 2229 quidem
1388 2154 1525 2200 non
1556 2128 1840 2202 minimo
1875 2153 2078 2228 argu-

316 2261 554 2318 mento
607 2246 1089 2343 comprobatur
1109 2303 1130 2337 ,
1180 2244 1615 2323 verissimum
1672 2269 1814 2318 esse
1843 2300 1861 2333 ,
1910 2268 2073 2316 con·

316 2361 660 2462 stantique
693 2362 1011 2460 opinione
1047 2389 1314 2462 semper
1342 2362 1679 2437 creditum
1702 2357 1967 2465 (prout
2002 2378 2076 2434 et

315 2479 524 2553 hodie
571 2480 900 2556 doctiores
948 2475 1299 2586 credunt)
1335 2506 1563 2554 aeram
1600 2480 1911 2557 Caesaris
1950 2505 2071 2554 an·

313 2596 415 2669 nis
453 2599 1269 2674 xxxvnnDominicam
1305 2599 1845 2673 Incarnationem
1880 2622 2077 2695 prae-

313 2715 597 2790 cessise:
634 2715 824 2817 quod
855 2736 929 2791 et
960 2743 1080 2791 nos
1115 2719 1252 2825 jam
1287 2735 1487 2792 antea
1534 2715 2072 2820 Privilegiorum

310 2850 703 2908 tesnmomo
734 2860 1264 2911 convlceramus.

429 2950 892 3026 Continentur
923 2972 1158 3028 autem
1193 2952 1307 3028 hic
1342 2980 1575 3031 versus
1612 2950 1738 3055 56.
1768 2975 2072 3053 quorum

307 3067 755 3146 Acrostichae
790 3069 1077 3146 initiales
1112 3070 1349 3148 literae
1385 3071 1479 3146 sic
1511 3072 1813 3146 habent:

483 3307 549 3382 O
581 3307 754 3381 Rex,
772 3309 1007 3408 genite
1025 3361 1050 3394 ,
1100 3307 1366 3384 initium
1388 3364 1407 3398 ‚
1434 3308 1766 3419 finisque.

480 3425 717 3501 Criste
733 3478 758 3511 ,
799 3425 1082 3528 ingeniti
1108 3427 1365 3503 Patris
1396 3430 1627 3509 lumen.
