2667 4200
1069 251 1296 312 XXXV
1297 255 1365 308 11

313 365 432 448 ‘et
492 341 898 513 depulsa
947 352 1381 444 errorum
1439 323 1831 488 caligme
1898 349 2097 448 cla-2

335 490 932 592 rzssimorum
975 487 1264 588 DD.
1289 490 1908 654 splendzdzbri
1953 494 2100 592 lu·-

337 633 574 733 mine
636 626 1171 770 refulgens,
1213 633 1452 734 sicut
1491 634 1710 732 sol⁶
1668 660 1908 736 mter
1944 671 2097 736 ne·
2246 687 2251 694 ¹

339 778 622 877 bulas
649 778 1022 916 gloriae
1036 854 1069 892 ,
1110 799 1500 874 sacrato
1476 774 1767 909 fidei
1787 780 2103 880 calore

337 921 486 1020 ita
553 920 1156 1020 exardescere
1223 920 1501 1055 coepit
1534 999 1564 1037 ,
1643 943 1749 1018 ut
1818 945 1910 1020 et
1970 925 2115 1022 ad

338 1064 832 1164 Concilium
888 1064 984 1161 T
965 1063 1515 1162 ridentinum
1582 1064 2099 1164 eruditissi-

345 1242 543 1306 mos
619 1209 712 1305 in
788 1206 1037 1304 omni
1104 1207 1701 1305 scientiarum
1763 1244 2105 1346 genere

344 1385 680 1451 sacros
734 1349 1258 1450 Antistites
1281 1426 1313 1467 ,
1372 1375 1461 1448 et
1526 1351 2103 1451 clarissimos

346 1493 636 1594 DD.
695 1493 1162 1609 misserit,
1227 1517 1316 1592 et
1376 1494 1519 1592 ad
1574 1494 1857 1592 Novi
1903 1494 2101 1595 Or-

346 1638 490 1736 bis
527 1662 876 1773 partes
914 1635 1514 1802 Apostclicos
1575 1635 2100 1738 Mlcszbna-

199 1813 224 1832 f
347 1781 544 1879 rios
560 1858 590 1897 ,
640 1782 810 1917 qui
835 1781 926 1878 in
962 1781 1302 1920 ignotis
1355 1781 1542 1900 illis
1582 1753 2112 1918 regionibus

347 1923 990 2027 Christianam
965 1921 1307 2068 fidem
1345 1923 2100 2042 disseminarunt,
2189 2048 2199 2058 ἱ

350 2091 440 2169 et
506 2067 870 2167 multo
849 2102 1234 2166 suorum
1287 2067 1805 2205 sanguine,
1855 2076 2099 2204 pur-

328 2244 781 2347 pureum,
825 2234 912 2310 et
933 2205 1505 2366 foecundum
1538 2209 1780 2309 illud
1808 2214 2105 2309 solum

349 2352 856 2455 reddidere.

491 2496 920 2598 Laetare
988 2497 1284 2636 igitur
1353 2453 1607 2596 sorte
1675 2496 1901 2612 tua,
1934 2522 2102 2615 tot,
2150 2546 2157 2577 ·

332 2664 1004 2778 tantorumque
1055 2639 1315 2771 fidei
1378 2638 1844 2779 Pugilum
1885 2634 2103 2776 foe-2·
2171 2691 2206 2727 v

345 2786 654 2885 cunda
704 2817 1128 2921 parens,
1192 2781 1459 2882 alma
1524 2784 2103 2919 IIispanzen

343 2929 486 3027 sis
565 2927 1068 3027 Ecclesia..
1129 2960 1172 3056 J
1189 2925 1282 3026 O
1361 2951 1581 3064 quot
1659 2927 2107 3026 hactenus

346 3070 1005 3173 Machahaeos
1022 3147 1052 3186 ,
1087 3070 1757 3169 Sanctisszmos
1782 3066 2115 3169 Ponti-.-

309 3214 623 3347 fices,
666 3211 1124 3315 Illustres
1169 3208 1821 3350 Corfissores,
1851 3238 1943 3312 et
1976 3217 2113 3310 vi.-

349 3394 573 3478 ros,
636 3356 1157 3494 sapientia,
1231 3381 1322 3457 et
1382 3382 1731 3457 vertute
1798 3358 2113 3457 claros

1416 3515 1461 3563 ἃ
1485 3514 1529 3562 ᾖ
