2667 4200
1397 295 1434 351 1
1461 298 1493 352 1
1511 274 1559 352 8
1681 262 1684 266 ’

780 511 1191 594 INCIPIT
1249 512 1550 590 LmER
1609 466 2171 591 SECUNDUS,

598 750 727 828 De
758 749 1291 824 Institutionibus
1330 750 1946 835 Mnastedorm,
1981 761 2048 823 et
2087 747 2353 825 Mona·

758 869 1020 944 chorum
1039 923 1065 955 ,
1100 881 1307 970 atque
1343 869 1682 942 ordinibus
1716 866 2194 945 Paenitentum.

1157 1074 1479 1126 TITULUS
1534 1073 1764 1124 PRIOR
1776 1104 1793 1123 .

650 1273 955 1295 .............
980 1219 1108 1298 De
1154 1218 1589 1296 Monasteriis
1635 1220 1944 1297 virorum
1960 1276 1979 1310 ,
2027 1235 2100 1293 et
2159 1217 2346 1294 ordi·

1063 1337 1263 1413 nibus
1297 1364 1561 1414 eorum.

596 1483 666 1529 11
683 1511 941 1531 ...........
978 1455 1100 1530 De
1134 1453 1582 1531 Feminarum
1613 1452 2052 1531 monasteriis.

592 1597 699 1645 111
702 1627 934 1647 ..........
963 1573 1084 1648 De
1120 1573 1480 1651 Sacrarum
1512 1573 1896 1675 Virginum
1933 1571 2256 1648 custodia.

595 1687 693 1768 1v'
692 1745 896 1766 .........
894 1689 901 1694 ’
907 1747 947 1766 ..
970 1691 1093 1767 De
1126 1690 1512 1794 Virginum
1545 1689 1966 1766 Monialium
1999 1689 2346 1765 ordinibus

1062 1827 1136 1882 et
1169 1809 1688 1884 consecratione.

592 1949 945 2001 v............
974 1925 1282 2018 Quando
1316 1945 1393 1999 et
1425 1953 1569 2027 quo
1599 1944 1910 2025 tempore
1933 1982 1954 2016 ,
1987 1923 2342 2002 necessita-

838 2040 843 2045 ’
1056 2059 1129 2118 te
1168 2049 1581 2148 perurgente
1601 2101 1622 2137 ,
1668 2042 1965 2147 virgines
2009 2040 2347 2121 velandae

1060 2159 1233 2235 sint?

590 2306 683 2359 vr
688 2331 940 2355 ...........
968 2278 1089 2353 De
1112 2278 1323 2353 Sacris
1344 2278 1757 2380 Virginibus
1779 2278 2024 2355 velatis
2039 2334 2060 2368 ,
2089 2304 2170 2353 ac
2193 2304 2345 2375 pos·

1053 2414 1166 2470 tea
1219 2396 1555 2494 corruptis
1575 2452 1596 2488 ,
1649 2396 1777 2472 ubi
1828 2416 1899 2473 et
1959 2395 2049 2471 de
2101 2420 2342 2472 earum

1060 2513 1588 2615 corruptoribus.

588 2655 713 2708 vn
732 2686 938 2707 .........
968 2628 1093 2705 De
1116 2630 1530 2733 Virginibus
1561 2629 1777 2707 Sacris
1811 2629 2121 2703 nondum
2154 2626 2346 2704 vela-

1053 2747 1139 2821 tis
1160 2804 1180 2837 ,
1216 2747 1335 2822 sed
1381 2747 1714 2845 corruptis
1735 2804 1755 2837 ,
1803 2772 2064 2823 necnon
2096 2745 2183 2821 de
2217 2771 2336 2820 ea·

1054 2891 1212 2973 rum
1244 2858 1776 2963 corruptoribus.

587 3007 749 3059 v111
767 3038 932 3058 .......
960 2982 1083 3059 De
1121 2981 1523 3061 Viduarum
1559 3008 1639 3057 ac
1674 2981 2054 3084 Virginum
2091 2978 2342 3055 discre-

1052 3099 1236 3176 tione
1260 3157 1281 3191 ,
1337 3100 1461 3175 ubi
1514 3099 1604 3175 de
1658 3124 1895 3175 earum
1948 3097 2206 3174 meritis
2257 3122 2340 3172 ac

1050 3218 1392 3295 mercede.

584 3360 675 3411 :tx
682 3391 931 3411 ..........
959 3333 1081 3409 De
1104 3336 1506 3411 Viduarum
1541 3361 1621 3411 ac
1640 3334 2024 3442 Virginum
2059 3328 2336 3434 religio·-

1050 3478 1280 3529 sarum
1312 3452 1666 3530 electione.
1698 3510 1704 3516 .
