2667 4200
1179 214 1216 268 1
1240 215 1273 269 1
1301 215 1338 270 1

368 339 487 394 v..
516 311 604 389 In
636 308 1037 388 Gallaeciae
1062 305 1532 388 Provinciam.

363 457 479 513 Ἡ.
507 433 596 507 In
629 429 1069 534 Tigintaniae
1117 430 1549 508 Provinciam
1569 487 1594 526 ‚
1639 447 1718 508 et
1763 431 1948 510 ultra
1997 429 2045 542 (
2061 433 2138 516 id

602 569 709 628 est
740 550 951 628 etiam
978 549 1408 627 transfretrae
1422 545 1490 656 >-

371 788 641 868 Titulus
665 816 688 860 .·
724 786 1125 893 Hispaniae
1155 787 1840 891 Metrqvolitanorum
1883 790 2134 867 sedium

492 932 650 993 sex,
688 922 756 979 et
786 931 959 1006 quae
993 921 1150 980 sunt
1183 907 1671 1011 Epi-mporum
1704 907 1900 984 sedes

494 1025 849 1113 matrices,
884 1023 1226 1099 Recensio.

367 1287 497 1337 1....
525 1259 1107 1360 Metropolitanus
1133 1261 1584 1336 Tarraconae.

369 1405 492 1456 11..
524 1377 1103 1477 Metropolitanus
1130 1379 1544 1454 Narbonae.

366 1522 492 1596 111..
519 1496 1097 1594 Metropolitanus
1124 1496 1386 1571 Toleti.

366 1641 484 1693 lv.
513 1614 1485 1714 Metropolitanus'Emeritae.
1562 1617 1574 1632 '

366 1757 485 1813 v..
515 1733 1099 1831 Metropolitanus
1125 1733 1477 1807 Bracarae.

367 1877 483 1930 v1.
511 1851 1089 1950 Metropolitanus
1116 1848 1452 1949 Hispalis.

540 1968 956 2068 Episcopus,
986 1969 1112 2069 qui
1135 1978 1346 2044 unam
1376 1993 1464 2043 ex
1497 1965 1578 2041 iis
1611 1991 1733 2042 sex
1759 1966 1885 2042 sibi
1911 1965 2132 2044 vindi-

365 2107 478 2163 cat
510 2086 763 2164 Sedem
785 2145 805 2179 ‚
831 2085 1416 2185 Metropolitanus
1450 2083 1724 2159 dicitur.
1773 2086 2132 2184 Metropo-

363 2206 620 2281 litanus
668 2224 903 2279 autem
951 2205 1247 2306 quisque
1302 2192 1888 2305 suffraganeorum
1939 2204 2131 2279 sedes

368 2322 498 2401 sibi
532 2323 835 2399 subditas
868 2325 1103 2413 habet.

546 2443 742 2543 Aqui
788 2468 859 2517 se
906 2441 1215 2517 advierte
1248 2467 1392 2545 que
1437 2438 1504 2514 al
1547 2437 1784 2515 referit
1827 2438 1926 2513 las
1959 2440 2130 2515 Pro·

366 2558 626 2635 vincias
660 2559 749 2633 de
782 2559 1058 2658 Espafia
1091 2562 1263 2659 haee
1300 2558 1613 2633 mencion
1662 2558 1750 2632 de
1795 2556 1864 2633 la
1898 2558 2129 2661 Tigin·

368 2678 609 2766 mnia,
642 2703 697 2778 y
730 2676 945 2752 omite
992 2676 1062 2751 la
1102 2678 1594 2759 Narbonense3
1629 2701 1682 2778 y
1714 2673 1784 2749 al
1815 2702 2134 2775 expresar

365 2792 465 2868 las
498 2794 854 2871 Ciudades
902 2794 1470 2895 Metropolitanas
1522 2794 1806 2896 incluye
1853 2792 1893 2868 5
1938 2797 2133 2867 Nar·

368 2913 547 2988 bona
573 2968 592 3002 ,
626 2940 679 3014 y
712 2940 803 2987 no
836 2916 1008 2988 hace
1057 2913 1373 2988 mention
1406 2914 1495 2987 de
1522 2913 1804 3014 Tanger
1831 2906 2136 3009 z‘parece

368 3030 474 3107 sin
506 3029 698 3105 duda
733 3057 875 3133 que
915 3030 983 3107 la
1017 3030 1313 3129 primera
1346 3030 1636 3106 division
1671 3056 1797 3128 por
1843 3028 2134 3104 Provin-

370 3148 511 3223 cias
544 3174 615 3223 es
649 3148 815 3224 civil
840 3207 861 3237 ,
902 3176 955 3251 y
996 3145 1065 3222 la
1100 3148 1406 3251 segunda
1452 3175 1578 3246 por
1617 3146 2032 3245 Metropolis
2063 3172 2137 3219 es

372 3264 829 3349 eclesitistica3
862 3293 1036 3367 pues
1087 3266 1514 3343 numerando
1563 3266 1854 3364 despues
1891 3266 1994 3339 las
2029 3262 2140 3339 Si-

377 3379 505 3461 nas
536 3383 967 3489 sufraga'meas
1005 3384 1093 3461 de
1127 3385 1297 3462 cada
1338 3412 1478 3461 una
1499 3442 1521 3477 ,
1567 3384 1848 3484 incluye
1898 3382 1998 3459 las
2049 3382 2140 3459 de
