2667 4200
1379 268 1413 321 1
1436 246 1539 349 56

573 363 692 440 bia
723 363 963 438 hecho.'
992 361 1300 463 Aunque
1335 361 1402 437 la
1436 362 1867 464 publicacion
1903 363 1991 438 de
2024 381 2362 442 nuestros

578 479 877 558 C6dices
910 508 1001 556 no
1041 479 1426 578 produxese
1462 508 1604 556 mas
1638 481 1935 556 utilidad
1966 510 2110 584 que
2146 483 2215 558 la
2243 486 2358 561 de

577 595 827 674 volvet
875 625 1001 698 por
1035 597 1104 672 el
1150 598 1401 674 decoro
1441 599 1778 700 Espafiol,
1812 601 1983 675 seria
2028 601 2356 679 bastante

575 741 739 816 para
773 743 915 820 que
951 716 992 792 a
1023 715 1187 792 toda
1223 737 1410 794 costa
1454 745 1525 795 se
1561 718 2027 819 emprendiese
2063 748 2118 822 y
2152 720 2344 796 efec-

577 854 796 911 tuase.

729 955 908 1030 Pero
944 982 1034 1030 no
1067 982 1140 1031 es
1171 973 1317 1032 este
1353 954 1499 1030 solo
1532 955 1601 1031 el
1637 955 1802 1032 bien
1827 981 1966 1057 que
2014 955 2345 1033 debemos

576 1096 847 1169 esperar
881 1072 970 1148 de
1003 1099 1144 1176 que
1181 1100 1362 1149 vean
1394 1074 1462 1148 la
1494 1072 1616 1149 luz
1664 1071 1944 1172 publica
1975 1101 2150 1150 unos
2184 1103 2343 1151 mo-

578 1210 940 1268 numentos
974 1218 1114 1294 que
1160 1218 1285 1291 por
1320 1218 1402 1266 su
1441 1191 1857 1295 antigiiedad
1880 1250 1899 1283 ,
1935 1217 2217 1293 aunque
2253 1222 2347 1269 no

578 1307 901 1384 tuviesen
932 1328 1084 1386 otro
1123 1309 1374 1386 merito
1420 1309 2154 1408 incomparablemente
2190 1338 2344 1388 mas

580 1427 964 1527 apreciable
985 1486 1005 1520 ,
1040 1428 1255 1503 serian
1290 1428 1531 1530 dignos
1571 1428 1659 1503 de
1705 1427 1770 1502 la
1786 1505 1790 1514 ,
1807 1428 2212 1504 veneracion
2247 1429 2343 1505 de

580 1543 681 1618 los
717 1535 955 1621 sabios.
994 1545 1366 1621 Hablando
1400 1547 1488 1621 de
1524 1566 1801 1621 nuestro
1828 1545 2200 1649 Vigilan0‚
2222 1547 2345 1622 de-

582 1661 686 1737 c‘ia
732 1662 798 1737 el
845 1663 1050 1740 docto
1095 1665 1468 1740 Ambrosio
1512 1665 1598 1740 de
1648 1662 1989 1740 Morales:
2030 1721 2073 1755 „
2091 1665 2343 1741 Codex

580 1812 635 1851 n
656 1781 965 1880 profecto
999 1802 1102 1858 est
1143 1783 1377 1858 multis
1412 1783 1500 1858 de
1535 1782 1748 1858 causis
1781 1781 2344 1885 magnificandus»,

582 1928 636 1969 n
657 1918 1014 2001 tamquam
1049 1902 1283 2002 ingens
1310 1902 1708 1976 Thesaurus
1737 1900 1945 2002 digne
1981 1901 2342 1977 adservan-

580 2046 634 2083 υ
656 2015 785 2089 dus
814 2044 832 2088 ι
869 2035 973 2090 est
1006 2016 1188 2091 enim
1223 2017 1293 2090 in
1326 2016 1557 2115 primis
1593 2017 1710 2093 vel
1744 2017 1833 2093 de
1869 2017 2010 2092 sola
2040 2037 2345 2094 vetusta·

580 2153 762 2228 ute,
805 2163 959 2237 quae
994 2134 1257 2238 ubique
1297 2136 1802 2211 venerationem
1845 2155 2143 2212 meretur
2166 2192 2187 2227 ,
2227 2165 2344 2213 re-

580 2284 634 2322 „
657 2273 974 2329 verenter
1009 2253 1476 2352 suscipiendus
1483 2310 1617 2329 ......
1615 2278 1626 2283 ’
1655 2254 1755 2327 Ea
1792 2273 2115 2354 praeterea
2137 2312 2156 2347 ,
2187 2282 2347 2358 quae

582 2401 633 2439 η
657 2388 806 2444 toto
837 2370 1011 2445 libro
1047 2369 1479 2447 continentur
1501 2429 1519 2459 ,
1549 2372 1788 2475 ingens
1834 2375 1981 2480 ejus
2036 2374 2348 2470 pretium

582 2516 635 2555 η
658 2513 1076 2590 magnopere
1110 2508 1503 2592 axaugent:
1542 2517 1768 2591 neque
1815 2490 1998 2565 enim
2044 2491 2346 2567 dubium

574 2635 630 2674 υ
653 2627 756 2681 est
802 2606 970 2708 quin
1016 2607 1239 2681 multa
1284 2607 1415 2682 sint
1466 2608 2006 2683 emendatissime
2065 2609 2343 2708 scripta,

578 2753 632 2791 υ
655 2741 728 2796 et
762 2750 923 2799 cum
960 2724 1222 2826 insigne
1259 2724 1558 2801 utilitate
1607 2726 1692 2800 ad
1743 2726 2169 2828 corrigendos
2212 2754 2339 2802 ex·

572 2873 632 2912 ω
654 2868 850 2917 cusos
879 2842 1186 2918 Codices
1212 2897 1232 2933 ,
1266 2842 1520 2918 mirum
1557 2844 1627 2918 in
1660 2844 1947 2919 modum
1990 2847 2340 2951 juvatura,

574 2993 631 3032 η
654 2960 709 3035 'si
745 2962 898 3063 quis
934 2989 1100 3037 eum
1135 2960 1444 3037 laborem
1469 3019 1487 3050 ‚
1525 2962 1722 3062 pium
1758 2990 1919 3037 cum
1954 2962 2190 3058 primis
2213 3019 2231 3052 ‚
2267 2980 2347 3037 et

574 3110 630 3150 η
652 3078 723 3152 in
759 3080 931 3153 tanti
979 3080 1310 3156 momenti
1357 3080 1618 3180 scriptis
1653 3078 1858 3157 valde
1893 3081 2343 3171 necesarium,

576 3229 630 3270 υ
653 3195 823 3274 velit
859 3197 1291 3274 desumere.''

696 3319 888 3407 Juan
916 3318 1270 3418 Vazquez
1307 3315 1423 3392 del
1459 3317 1762 3392 Marmol
1798 3346 1884 3392 en
1912 3346 1994 3394 su
2030 3318 2237 3395 Carta
2275 3314 2347 3390 al

574 3433 680 3509 St.
713 3434 1017 3511 Gracian
1051 3435 1385 3514 Alderete
1419 3464 1491 3512 se
1537 3440 1886 3513 'excusaba
1941 3464 2106 3539 para
2152 3462 2348 3512 reco-
