2667 4200
564 345 921 426 Can6nica
955 369 1095 447 que
1132 367 1370 418 vamos
1405 340 1446 417 a
1471 340 1785 441 publicar
1818 368 1903 417 en
1937 341 2168 419 Arabe
2200 370 2336 422 con

562 464 632 540 la
659 462 930 540 version
963 461 1174 536 latina
1207 460 1325 536 del
1350 459 1596 536 mismo
1628 461 1735 536 D.
1769 460 2051 565 Miguel
2079 462 2330 539 Casiri.

679 581 1015 685 Oigamos
1060 578 1102 655 a
1148 599 1293 655 este
1353 576 1422 652 la
1472 577 1771 653 relation
1807 579 1896 654 de
1950 607 2032 654 su
2079 579 2329 657 descu-

563 697 934 776 brimiento
981 754 1024 790 „
1043 696 1346 775 Codices
1379 697 1667 773 demum
1701 696 2128 800 theologicos
2160 700 2324 775 Ma·

561 850 617 889 ω
635 820 1037 893 hometanos
1071 815 1427 913 excipiunt
1461 813 1834 891 Christiani
1868 814 2174 917 aliquot,
2207 816 2327 891 sed

559 968 614 1006 υ
636 934 912 1011 levioris
957 933 1291 1008 momenti
1322 951 1596 1030 praeter
1627 958 1850 1007 unum
1876 990 1896 1024 ,
1929 960 2057 1031 pro
2089 933 2324 1009 multis

554 1086 613 1126 υ
634 1076 790 1127 sane
822 1050 1223 1125 habendum
1241 1106 1261 1140 ,
1296 1075 1378 1125 ac
1410 1048 1882 1125 Bibliothecae
1916 1049 2123 1126 instar
2145 1109 2167 1143 ,
2199 1052 2326 1155 qui

556 1202 611 1241 υ
633 1172 763 1243 hac
806 1168 1016 1243 etiam
1062 1166 1136 1242 in
1180 1194 1255 1242 re
1303 1170 1705 1243 thesaurum
1752 1167 2097 1260 imitatur,
2131 1168 2328 1272 quod

554 1321 610 1360 n
632 1287 758 1362 ubi
792 1285 982 1362 nulla
1005 1343 1025 1377 ,
1057 1286 1176 1361 vel
1208 1285 1491 1360 minima
1526 1284 1818 1384 suspicio
1840 1342 1860 1376 ,
1894 1285 2073 1361 inter
2105 1286 2332 1362 diver-

555 1438 611 1479 22
634 1405 730 1497 si,
790 1405 1111 1480 nimirum
1135 1461 1155 1496 ,
1201 1403 1472 1503 plutei,
1526 1401 1878 1491 sermonis,
1929 1405 2329 1507 argumenti

553 1556 608 1595 υ
631 1523 835 1597 libros
855 1576 876 1611 ‚
912 1547 1035 1596 nec
1069 1521 1350 1618 opinato
1382 1520 1470 1595 sit
1500 1520 1819 1596 inventus
1851 1519 1895 1596 ὲ
1926 1547 2132 1621 supra
2165 1522 2322 1598 lau·

545 1647 608 1713 *n
629 1640 792 1715 dato
846 1640 945 1716 D.
994 1637 1452 1714 Emmanuele
1513 1638 1860 1714 Martinez
1918 1639 2322 1744 Pingarron‚

553 1791 608 1830 n
631 1759 806 1833 dum
854 1757 1001 1833 aliis
1035 1784 1170 1861 ego
1222 1756 1484 1833 interea
1516 1756 2035 1856 pervolutandis
2057 1815 2076 1849 ,
2112 1784 2325 1834 excu-

552 1875 1013 1976 ntiendisque
1049 1902 1329 1973 operam
1365 1875 1635 1949 dabam.
1691 1875 1762 1948 Is
1813 1873 1958 1949 folii
2004 1875 2215 1951 modo
2249 1876 2321 1949 in

552 2026 607 2063 υ
627 1992 1030 2067 membranis
1047 2049 1067 2085 ,
1093 1992 1300 2067 literis
1329 1991 1640 2094 cuphicis
1673 1992 2085 2091 pervetustis
2100 2049 2121 2084 ,
2144 2020 2323 2070 anno

552 2144 606 2182 υ
630 2110 965 2214 siquidem
1001 2113 1229 2188 Acrae
1277 2095 1695 2210 Hispanicae
1736 2111 2317 2188 MLXXXVII.

549 2262 603 2300 υ
625 2230 667 2304 ὲ
728 2231 1139 2332 Presbytero
1192 2229 1497 2331 quodam
1551 2228 1927 2304 Vincentio
1971 2229 2061 2304 ad
2109 2256 2321 2307 usum

548 2379 603 2417 υ
626 2346 948 2444 Episcopi
993 2348 1282 2432 Joanm‘s
1329 2346 1662 2424 Dardelis
1707 2367 2041 2422 exaratus.
2099 2349 2320 2423 Titu-

546 2495 601 2534 υ
621 2464 769 2537 lum
817 2464 888 2538 in
921 2463 1052 2538 fine
1087 2460 1132 2569 (
1142 2491 1279 2540 non
1311 2464 1483 2539 nihil
1525 2463 1847 2539 foliorum
1894 2463 2089 2539 initio
2135 2465 2315 2540 desi-

545 2613 601 2651 „
624 2570 951 2685 derat-ur)
1005 2585 1191 2657 hunc
1246 2583 1567 2658 exhibet:
1615 2584 1922 2660 Collectio
1968 2609 2319 2659 sacrorum

442 2704 446 2715 '
494 2730 497 2739 ‘
546 2690 854 2772 canonum
907 2701 1010 2773 ad
1040 2727 1227 2773 usum
1243 2755 1262 2790 ,
1297 2701 1615 2776 videlieet
1660 2700 1973 2775 ecclesiae
2024 2703 2312 2806 Hispa·

542 2848 598 2887 υ
620 2842 748 2891 nae
753 2869 891 2889 ......
950 2815 1019 2890 in
1081 2815 1287 2891 libros
1347 2816 1447 2890 X.
1513 2816 1948 2908 distributus,
2005 2845 2314 2912 canonas,

541 2968 595 3006 υ
618 2935 1120 3035 sententiasque
1155 2933 1479 3023 continet,
1514 2962 1690 3010 cum·
1712 2961 1800 3010 ex
1833 2935 2158 3013 ecclesiae
2194 2963 2308 3012 ca-

541 3051 911 3127 ”tholicae
949 3052 1244 3127 conciliis
1270 3110 1288 3143 ,
1325 3072 1482 3126 tum
1525 3079 1617 3127 ex
1651 3080 2079 3128 summorum
2122 3054 2311 3130 Pon·

537 3203 593 3241 υ
613 3169 874 3247 tificum
911 3171 1212 3267 epistolis
1244 3170 1736 3247 Decretalibus
1769 3191 2121 3269 excerptas
2140 3230 2161 3263 ,
2193 3192 2301 3247 at·

536 3321 591 3359 n
613 3317 753 3390 que
789 3289 858 3363 in
891 3287 1127 3363 titulos
1151 3345 1170 3378 ,
1204 3308 1278 3362 et
1311 3288 1537 3385 capita
1572 3315 1783 3389 quam
1818 3289 2160 3388 aptissime
2190 3287 2299 3362 di·
2395 3332 2398 3333 ν

532 3437 586 3477 22
610 3428 836 3510 gestos
841 3460 973 3480 ......
990 3405 1204 3483 Plura
1237 3406 1327 3481 de
1359 3406 1538 3482 libro
1582 3406 1792 3511 longe
1826 3404 2307 3508 praestantissi-
