2667 4200
571 338 798 447 dius)
839 337 1191 416 constituit
1213 394 1234 429 ,
1280 245 1691 413 sic41iabent
1724 365 1745 413 ε

571 523 778 602 Nate
793 514 1054 598 'Patris
1080 519 1333 609 summi,
1356 518 1397 594 ό
1416 520 1654 606 Theos,
1680 544 1794 612 nos
1819 521 2078 624 raptim
2105 519 2330 630 affla.

579 705 592 716 ⁰
682 697 1184 772 Transversum
1203 748 1223 783 ,
1259 691 1302 768 ὲ
1351 714 1382 766 1
1403 697 1469 766 ‚²⁴
1488 690 1683 766 litera
1715 691 1949 768 ultimi
1978 716 2212 770 versus
2236 696 2331 771 ad

571 839 796 915 usque
829 812 1147 890 ultimam
1189 808 1429 910 prioris
1463 809 1862 890 ascendens:

569 993 776 1070 Nate
801 992 1091 1080 Patris,
1119 1015 1204 1065 ac
1239 991 1443 1065 salba
1469 989 1573 1064 Izae‘c
1599 1015 2007 1067 monacorum
2032 992 2323 1071 acminass

677 1165 1178 1242 Transversum
1203 1161 1398 1237 aliud
1424 1161 1465 1236 a
1503 1185 1535 1236 1
1556 1167 1608 1236 ‚²
1639 1161 1836 1240 litera
1872 1185 1903 1239 1
1922 1221 1938 1238 .
1968 1191 2205 1244 versus
2231 1166 2326 1241 ad

564 1282 885 1358 ultimam
919 1281 1152 1358 ultimi
1183 1280 1641 1357 descendens:

563 1465 628 1540 Ο
658 1465 956 1550 initium,
993 1463 1251 1571 etfinis
1262 1516 1288 1549 ,
1319 1462 1362 1536 ό
1384 1463 1634 1550 Theos,
1660 1463 1809 1542 civo
1836 1489 1952 1538 nos
1982 1477 2094 1539 tuo
2128 1465 2315 1542 civa.

676 1635 1006 1712 Carmina
1051 1638 1225 1710 haec
1274 1633 1502 1709 omnia
1550 1632 1640 1708 ad
1689 1634 2167 1710 sanctissimam
2215 1664 2323 1714 re-
2380 1703 2385 1709 .

436 1843 440 1848 ‚
558 1753 872 1830 feruntur
899 1753 1357 1830 Trinitatem:
1393 1752 1585 1826 Prior
1616 1772 1844 1827 tamen
1870 1779 2105 1830 versus
2120 1811 2149 1842 ,.
2172 1782 2320 1831 me·

555 1871 710 1948 dius
740 1928 761 1961 ,
816 1891 890 1946 et
946 1871 1235 1946 ultimus
1298 1868 1665 1948 secundam
1726 1896 2081 1967 personam
2135 1872 2312 1949 allo·

557 2009 889 2088 quuntur.
967 1988 1280 2062 Eandem
1339 2005 1575 2062 autem
1637 1987 2050 2064 Trinitatem
2110 1990 2315 2068 variis

556 2104 765 2181 refert
808 2106 1074 2181 modis:
1113 2132 1194 2181 ac
1245 2104 1547 2182 maxime
1592 2106 1787 2205 quod
1830 2106 2043 2183 dictio
2072 2109 2313 2185 Theos

557 2244 673 2303 ter
709 2224 1041 2322 repetitur
1074 2223 1164 2297 ad
1202 2223 1517 2297 medium
1562 2223 1771 2300 totius
1805 2224 2084 2299 tabulae
2107 2281 2127 2316 ,
2161 2225 2314 2301 lite·

555 2367 630 2415 ra
670 2343 747 2413 H
792 2368 912 2416 seu
958 2340 1187 2439 potius
1230 2339 1635 2438 aspiratione
1683 2340 1995 2417 medium
2034 2342 2317 2420 omnino

553 2456 787 2532 locum
809 2514 830 2547 ,
879 2485 959 2532 ac
1019 2478 1363 2544 centrum,
1392 2475 1667 2531 tenente
1691 2512 1711 2547 ,
1760 2485 1940 2560 quae
1996 2460 2314 2538 omnibus

553 2575 747 2651 lineis
793 2575 1257 2678 undequaque
1303 2572 1644 2650 deservit:
1686 2575 1946 2653 circum
1990 2601 2203 2681 quam
2238 2580 2321 2653 T·

553 2690 748 2769 litera
781 2694 1203 2797 triangulum
1236 2693 1606 2774 constituit.
2096 2726 2103 2733 ·
